2414 3864
122 168 262 227 SIDONIUS
279 170 424 228 DOMINO
442 171 561 227 PAPAE
576 170 807 227 ELEUTIIERIO
822 171 1001 230 SALUTEM.
1039 172 1105 238 135

54 372 59 379 .
120 318 281 383 conuicium?
312 318 342 382 3.
362 320 440 400 quod
464 327 611 402 superest,
634 320 832 403 obsecramus,
855 328 889 382 ut
912 320 1016 382 crebra
1040 339 1105 384 ora·

54 466 58 503 ᾖ
119 408 192 491 tione,
211 428 265 490 per
287 428 376 490 quam
397 411 479 470 vitiis
502 409 639 471 omnibus
666 412 794 471 immane
817 410 1023 490 dominamini,
1049 429 1104 473 nos

118 511 221 580 quoque,
243 500 321 560 sicut
343 497 531 577 euangelicos
554 516 655 577 magos
674 516 822 559 remeasse
841 499 1032 559 manifestum
1050 507 1105 581 est,

118 582 151 644 rel
165 588 217 648 iam
233 606 314 649 nunc
331 604 386 667 per
409 586 496 648 aliam
518 589 595 647 viam
618 605 736 648 morum
754 589 786 648 in
804 587 959 649 beatorum
977 590 1104 667 patriam

116 672 194 738 redire
210 677 333 738 faciatis.
369 694 462 756 paene
482 679 649 756 omiseram,
673 676 751 755 quod
769 679 892 737 minime
910 683 1103 757 praetereun-
1131 691 1145 733 o

114 757 170 822 dum
192 766 259 827 luit:
286 767 364 844 agite
392 767 500 844 gratias
527 764 712 847 Innocentio,
746 764 901 844 spectabili
931 767 1010 846 viro,
1042 768 1103 848 qui,

115 854 378 935 opraecepcrans,
404 855 519 914 naviter
545 871 659 913 morem
682 856 775 933 gessit
797 856 947 915 iniunctis.
988 873 1104 917 memor

113 945 276 1005 coenasse
298 943 435 1024 dignare,
457 942 576 1002 domine
599 960 682 1021 papa.

577 1133 616 1198 X.

167 1253 329 1311 SIDONIUS
347 1253 491 1311 DOMINO
510 1254 628 1309 PAPAE
648 1253 828 1310 CENSORIO
848 1253 1026 1312 SALUTEM.

164 1366 188 1429 1.
209 1369 351 1430 Gerulum
369 1368 536 1430 htterarum
554 1367 664 1429 levitici
678 1368 792 1428 ordinis
810 1367 947 1428 honestat
961 1369 1100 1431 officium.
1116 1385 1144 1424 io

111 1445 147 1509 hic
164 1475 225 1519 cum
239 1458 350 1520 familia
364 1476 417 1519 sua
431 1457 667 1536 depraedationis
682 1456 823 1517 Gothicae
841 1454 993 1517 turbinem
1007 1460 1102 1519 vitans

112 1536 134 1596 In
156 1549 335 1609 territorium
361 1553 494 1607 vestrum
521 1545 634 1606 delatus
662 1553 709 1606 est
735 1548 815 1626 ipso,
842 1552 876 1606 ut
899 1547 942 1606 sle
965 1546 1102 1630 dixerim,

111 1632 219 1702 pondere
243 1636 342 1717 fugae,
365 1633 417 1696 ubi
439 1637 472 1694 in
494 1653 526 1696 re
546 1633 697 1715 ecclesiae,
720 1636 769 1695 cui
789 1636 929 1695 sanctitas
948 1640 998 1695 tna
1016 1654 1101 1714 prae-

111 1713 179 1804 sidet,
191 1743 310 1805 parvam
324 1730 488 1785 sementem
502 1723 712 1784 semiconfecto
728 1725 852 1802 caespiti
861 1723 972 1784 advena
982 1725 1101 1785 ieiunus

111 1802 202 1895 iniecit,
219 1816 305 1875 cuius
325 1832 361 1874 er
381 1812 474 1874 solido
494 1811 674 1890 colligendae
694 1812 760 1872 fieri
779 1810 836 1872 sibi
855 1813 970 1891 copiam
989 1820 1099 1874 exorat.
1115 1827 1142 1866 1⁵

110 1887 231 1980 2quem
254 1905 281 1964 si
304 1903 476 1963 domesticis
504 1901 574 1961 fidei
597 1901 735 1980 deputata
758 1900 939 1961 humanitate
969 1901 1102 1984 foveatis,

110 1978 133 2042 ld
151 1999 202 2073 cst,
228 1999 264 2053 ut
285 1991 419 2052 debitum
441 1989 561 2069 glaebae
584 2007 727 2051 canonem
750 2008 810 2051 non
832 1996 964 2071 petatur,
987 1998 1102 2051 tantum

109 2064 188 2140 lucelli
204 2082 382 2160 praestitum
400 2078 460 2140 sibi
478 2085 628 2158 computat
649 2072 815 2162 (peregrini
832 2079 962 2139 bominis
981 2088 1014 2140 ut
1033 2098 1100 2140 cen·

108 2169 347 2247 cognominus
366 2161 532 2250 angustus),
553 2186 587 2228 ac
606 2169 632 2227 si
650 2169 682 2227 in
700 2169 795 2246 patrio
815 2167 877 2227 solo
896 2170 1101 2229 rusticaretur.

105 2245 159 2317 huic
176 2261 202 2320 si
215 2257 387 2338 legitimam,
405 2264 439 2317 ut
451 2275 516 2316 mos
533 2263 587 2336 est,
606 2255 784 2317 solutionem
797 2258 975 2335 perexiguae
991 2259 1100 2335 segetis
1113 2271 1142 2311 oo

104 2337 250 2428 indulgeas,
264 2353 415 2425 tamquam
429 2346 549 2424 opipare
564 2347 717 2405 viaticatus
728 2363 794 2406 cum
810 2346 972 2423 gratiarum
982 2347 1098 2406 actione

101 2435 238 2497 remeabit.
283 2453 338 2514 per
365 2452 453 2514 quem
481 2436 509 2494 si
534 2452 581 2494 mc
609 2433 677 2494 stilo
705 2433 808 2494 solitae
837 2433 1016 2512 dignationis
1044 2436 1099 2494 im·

98 2526 220 2606 pertias,
238 2523 312 2584 mihi
339 2523 575 2602 fraternitatique
603 2523 671 2583 istic
700 2525 773 2583 sitae
801 2524 909 2602 pagina
935 2528 984 2583 tua
1007 2521 1101 2583 veluti

97 2610 155 2686 polo
180 2612 263 2692 lapsa
290 2611 484 2691 reputabitur.
529 2629 644 2672 memor
666 2613 763 2672 nostri
786 2629 852 2672 esse
880 2610 1019 2694 dignare,
1048 2612 1100 2672 do·

97 2703 165 2762 uine
189 2719 273 2782 papa.
1114 2715 1141 2756 25

565 2890 621 2958 XI.

131 3012 299 3069 SIDONIUS
317 3012 459 3068 DOMINO
478 3012 596 3067 PAPAE
615 3012 848 3068 ELEUTHERIO
869 3012 1048 3069 SALUTEM.

153 3124 181 3188 1.
201 3126 342 3188 Iudaeum
360 3144 502 3205 praesens
522 3126 621 3186 charta
640 3126 835 3207 commendat,
852 3144 912 3187 non
932 3127 1011 3206 quod
1025 3129 1099 3189 mihi

94 3213 200 3291 placeat
223 3233 316 3297 error,
343 3233 397 3294 per
421 3233 508 3293 quem
531 3222 658 3294 pereunt
680 3214 813 3295 involuti,
836 3216 889 3275 sed
913 3219 981 3295 quia
1005 3219 1099 3277 nemi-

94 3319 154 3365 nem
181 3307 316 3384 ipsorum
339 3322 392 3364 nos
416 3304 502 3365 dccet
524 3302 561 3364 er
588 3323 653 3365 asse
676 3303 874 3365 damnabilem
896 3307 1099 3387 pronuntiare,

157 3535 172 3581 7
189 3528 300 3581 naviter
315 3526 384 3596 LIII
401 3528 536 3596 gnaviter
555 3531 654 3593 MTO
665 3536 676 3608 ll
