2392 3854
224 111 388 168 SIDONIUS
407 111 637 169 CONSTANTIO
656 110 725 168 SUO
744 110 922 168 SALUTEM.
1014 110 1077 175 171

512 291 633 359 XVIII.

223 413 390 470 SIDONIUS
409 413 636 470 CONSTANTIO
656 414 723 470 SUO
744 413 921 470 SALUTEM.
1022 437 1026 445 ·

142 523 166 586 1.
188 527 211 588 Α
233 535 267 588 te
299 530 533 609 principium,
563 527 631 589 tibi
663 527 814 589 desinet.
860 547 928 589 nam
951 530 1078 608 petitum

83 613 203 677 misimus
227 635 301 696 opus
323 619 432 697 raptim
464 617 568 678 electis
598 617 830 698 exemplaribus,
861 635 936 698 quae
960 617 996 678 ob
1020 617 1076 678 hoc

83 693 110 758 in
128 722 224 766 manus
247 724 341 784 pauca
363 713 518 787 venerunt,
542 708 610 784 quia
628 705 702 766 mihi
719 706 763 767 nil
786 706 822 766 de
840 705 934 774 libelli
952 705 1076 766 huiusce

84 796 284 873 conscriptione
308 794 464 855 meditanti
490 795 634 857 hactenus
656 795 836 856 incustodita
859 801 1012 874 nequeunt
1030 797 1076 855 in·
1103 816 1116 856 s

85 883 168 943 veniri.
201 901 272 944 sane
296 885 353 944 ista
375 902 482 965 pauca,
505 902 579 962 quae
604 882 723 962 quidem
747 891 777 945 et
795 883 870 945 levia
893 891 976 965 sunt,
999 883 1076 945 cele-

84 968 141 1030 riter
160 970 286 1053 absolvi,
318 991 497 1053 quamquam
519 968 659 1034 incitatus
687 972 779 1033 semel
809 975 925 1034 animus
947 973 1077 1034 necdum

23 1098 26 1105 -
82 1061 240 1139 scripturire
265 1060 428 1142 desineret,
456 1080 577 1122 servans
607 1062 663 1121 hoc
687 1061 789 1122 sedulo
813 1080 906 1140 genus
929 1069 1076 1141 tempera-

80 1151 170 1230 menti,
202 1156 236 1210 ut
265 1149 460 1228 epistularum
490 1150 706 1229 produceretur
739 1157 851 1231 textus,
882 1153 908 1210 si
930 1169 1074 1211 numerus

78 1231 257 1300 breviaretur.
302 1237 332 1301 2.
369 1241 482 1318 pariter
510 1246 540 1300 et
573 1242 677 1300 censui
708 1238 831 1319 librum,
863 1257 952 1319 quem
982 1239 1076 1300 lector
1090 1259 1117 1299 1o

74 1323 294 1388 delicatissimus
324 1327 524 1409 desiderares,
561 1335 591 1388 et
624 1330 695 1388 satis
727 1327 856 1388 habilem
887 1345 942 1388 nec
969 1346 1075 1407 parum

71 1416 263 1477 excusabssem
282 1416 354 1497 lore,
373 1419 409 1497 si,
428 1419 567 1495 quoniam
586 1424 616 1477 te
636 1435 778 1477 sensuum
798 1423 1074 1496 structurarumque

70 1500 165 1566 levitas
197 1512 315 1585 poterat
348 1505 514 1588 offendere,
550 1505 789 1566 membranarum
826 1512 907 1566 certe
945 1505 1074 1566 fascibus

67 1595 160 1655 minus
179 1612 347 1655 onerarere.
361 1596 536 1655 commendo
555 1597 646 1674 igitur
664 1597 761 1654 varios
779 1595 890 1655 iudicio
909 1602 960 1656 tuo
980 1596 1075 1655 nostri

64 1685 191 1760 pectoris
214 1690 323 1764 motus,
345 1685 467 1744 minime
491 1687 625 1763 ignarus,
649 1683 728 1762 quod
751 1685 792 1743 ita
814 1702 899 1744 mens
922 1690 1020 1763 pateat
1043 1685 1075 1743 in
1089 1704 1115 1744 1⁵

63 1769 138 1832 libro
160 1771 243 1833 velut
264 1771 362 1833 vultus
386 1775 418 1833 in
442 1772 570 1852 speculo.
594 1772 702 1832 dictavi
724 1774 805 1833 enim
828 1775 983 1853 quaepiam
1006 1774 1074 1833 hor-

62 1861 165 1942 tando,
196 1860 343 1923 laudando
372 1861 501 1941 plurima
531 1868 560 1921 et
591 1861 688 1939 aliqua
719 1862 883 1943 suadendo,
914 1863 1075 1923 maerendo

59 1968 152 2028 pauca
175 1950 359 2029 iocandoque
377 1949 528 2010 nonnulla.
561 1947 589 2011 3.
613 1956 643 2010 et
661 1952 688 2010 si
705 1968 752 2010 me
766 1953 883 2031 uspiam
905 1951 1075 2013 lectitavisti

59 2041 90 2099 in
113 2037 231 2118 aliquos
255 2041 488 2119 concitatiorem,
512 2041 588 2099 scias
611 2038 676 2098 volo
701 2039 812 2100 Christi
835 2041 955 2101 dextera
979 2043 1075 2119 opitu-

58 2127 139 2189 lante
161 2146 324 2207 numquam
347 2146 394 2188 me
413 2127 610 2189 toleraturum
628 2130 719 2188 animi
738 2131 920 2210 servitutem,
939 2147 1074 2207 comper·
1088 2149 1115 2188 zo

55 2218 208 2278 tissimum
235 2224 341 2278 tenens
372 2217 544 2296 bipertitam
572 2235 662 2296 super
688 2217 736 2277 his
763 2217 897 2278 moribus
919 2218 1074 2277 hominum

55 2324 126 2367 esse
149 2324 316 2368 censuram.
362 2324 431 2366 nam
464 2312 497 2365 ut
519 2306 617 2366 timidi
638 2324 686 2366 me
710 2308 916 2386 temerarium,
940 2308 980 2366 ita
1004 2324 1073 2365 con-

55 2400 172 2455 stantes
208 2393 338 2455 liberum
368 2393 525 2475 appellant.
558 2397 637 2455 inter
661 2414 735 2473 quae
760 2398 823 2473 ipse
848 2395 976 2454 decerno
1000 2396 1073 2454 satis

55 2482 139 2544 illius
167 2485 267 2544 iacere
295 2501 469 2563 personam,
501 2485 586 2544 cuius
616 2502 740 2543 necesse
770 2490 816 2543 est
838 2482 930 2543 latere
954 2489 1072 2542 senten-

51 2575 137 2632 tiam.
183 2570 214 2634 4.
256 2572 292 2633 ad
321 2575 509 2652 propositum
539 2573 637 2633 redeo.
668 2574 781 2633 interea
813 2580 861 2650 tu,
898 2573 924 2631 si
955 2570 1026 2649 quid
1056 2590 1113 2632 aas

52 2660 194 2722 lectionis
218 2679 319 2722 sacrae
347 2664 567 2723 continuatione
590 2663 733 2742 respiras,
764 2661 812 2720 his
843 2659 946 2719 licebit
975 2661 1072 2720 neniis

54 2767 188 2810 avocere.
220 2768 275 2811 nec
308 2751 396 2811 saciet
425 2753 548 2812 materia
577 2757 611 2810 ut
639 2753 783 2810 immensa
807 2748 971 2828 fastidium,
995 2751 1072 2830 quia,

53 2856 127 2898 cum
149 2839 283 2918 singulae
306 2858 412 2901 causae
437 2840 561 2919 singulis
580 2840 672 2900 ierme
692 2837 826 2918 epistulis
845 2837 995 2918 finiantur,
1013 2840 1072 2899 cito

54 2929 185 3005 cognitis
216 2930 248 2988 in
278 2947 352 3007 quae
384 2928 501 2989 oculum
531 2929 696 2989 intenderis
727 2936 794 2988 ante
817 2925 915 3003 legere
940 2927 1072 2988 cessabis

52 3034 147 3094 quam
170 3016 311 3078 lecturire
336 3018 472 3078 desistas
504 3016 576 3077 vale.
1085 3037 1112 3076 so

129 3157 145 3204 2
163 3151 248 3221 Verg.
263 3151 314 3207 ecl.
328 3151 403 3221 VIII,
419 3158 460 3207 11.

129 3228 144 3275 3
164 3223 262 3277 electis
282 3223 347 3278 LN
349 3225 385 3293 T,
408 3222 521 3278 relectis
545 3223 612 3276 VM
617 3223 640 3278 O
663 3226 672 3292 u
700 3227 794 3292 apost
817 3219 1003 3290 epistularum
1022 3222 1071 3291 lep.

55 3309 115 3346 non
131 3296 164 3348 io
182 3295 220 3363 F,
239 3313 260 3350 s.
276 3296 292 3349 l.
308 3295 372 3350 odd.
391 3296 423 3349 ise
437 3295 483 3348 M¹
497 3297 507 3363 ΙΙ
521 3299 555 3347 26
574 3296 639 3349 tede
657 3296 691 3349 ob
709 3294 754 3347 his
772 3290 872 3345 licebit
890 3295 966 3362 epist.
982 3292 1072 3346 exitus

54 3381 109 3419 om.
127 3367 159 3420 io
177 3367 243 3421 ΕΝ
250 3366 317 3433 VT,
338 3369 445 3434 partios
462 3368 495 3421 irc
516 3381 570 3421 ros.
586 3368 692 3435 partlm
710 3367 743 3419 irc
760 3381 845 3435 scorp.
866 3365 929 3418 odd.
949 3365 981 3416 io
998 3361 1046 3415 Μι
1063 3362 1072 3432 b
