2414 3864
107 157 174 222 270
512 114 665 214 eunucu
683 158 718 216 v.

196 306 332 368 hostibus
355 307 487 387 expulsis
510 326 647 387 campum
672 310 723 388 qui
745 311 894 369 maximus
917 319 996 368 extat

196 400 255 458 iam
278 396 405 457 lustrare
428 403 524 479 vacat3
547 397 648 458 videas
670 398 720 458 hic
743 404 841 478 strage
866 396 923 457 sub
945 395 995 456 illa

196 493 392 564 utrorumque
415 488 543 546 animos:
566 486 665 547 nullus
688 505 750 547 non
771 493 895 566 pectore
919 485 1111 550 caesufflr

197 577 332 655 quisquis
355 583 454 635 vester
477 582 553 656 erat3
576 574 676 636 nullus
700 593 760 636 non
782 582 866 654 terga
890 575 1013 656 foratus,

125 675 177 725 444
196 663 314 724 illorum
339 665 483 743 quisquis.
530 663 657 725 clamant
679 665 736 725 hoc
759 664 882 726 vulnera
906 666 998 743 primi

194 752 378 833 praedonum
401 753 563 814 14414414
588 754 681 835 ducis,
705 755 755 815 cui
777 754 858 833 regis
883 754 967 813 avari

194 848 332 902 narratur
355 845 493 921 nupsisse
517 860 612 924 soror,
636 844 688 922 qui
710 842 832 922 pulvere
856 859 947 902 44444

196 931 314 991 4144444
338 937 368 990 41
391 931 483 992 411444
505 931 575 1010 pilis
598 933 723 1011 vestigia
745 933 842 1011 turpis

195 1025 292 1098 gestat
314 1019 408 1080 adhuc
431 1019 575 1099 probrosa
598 1021 693 1099 fugae.
740 1023 784 1081 sic
807 1021 928 1099 agmina
951 1026 1108 1080 vestr-a

124 1120 176 1170 444
196 1127 264 1170 oum
288 1107 391 1186 spoliis
415 1127 551 1188 eampum
574 1112 705 1170 retinent
729 1117 758 1170 et
780 1108 874 1170 Marte
899 1109 1101 1170 fruuntrm.

194 1200 308 1258 interea
332 1197 543 1277 duplicitatis
567 1198 639 1259 dum
661 1198 748 1259 litore
772 1197 900 1259 classem
990 1256 996 1268 ,

194 1287 311 1347 1414444
336 1304 504 1366 superoque
527 1290 612 1367 mari,
635 1287 714 1348 cadit
737 1289 833 1347 omnis
856 1288 890 1346 14
913 1304 1033 1365 aequor

195 1375 267 1436 silva
289 1375 346 1436 tibi
370 1377 554 1455 nimiumque
578 1376 630 1437 diu
651 1395 706 1455 per
728 1383 889 1455 utrumque
914 1377 1062 1456 recisus,

194 1466 377 1546 Appennino,
400 1464 485 1546 latus,
509 1464 605 1525 navali
627 1467 679 1544 qui
702 1463 808 1525 arbore
832 1464 916 1524 dives

122 1566 174 1615 444
192 1572 252 1614 444
270 1556 369 1614 minus
388 1555 419 1613 in
437 1554 559 1634 pelagus
578 1571 734 1614 nemorum
754 1571 842 1633 quam
856 1555 954 1614 mittis
969 1574 1106 1637 aquarum.

192 1641 285 1702 Gallia
309 1644 457 1703 continuis
481 1661 659 1722 quamquam
683 1645 723 1704 sit
745 1642 822 1703 lassa
845 1641 979 1726 tributis,

192 1732 248 1792 hoc
272 1749 364 1792 censu
387 1731 535 1810 placuisse
559 1734 641 1811 cupit
663 1749 719 1792 444
741 1731 874 1811 pondera
898 1738 998 1816 sentit,

193 1839 268 1898 quae
292 1820 435 1898 prodesse
458 1820 571 1900 probat.
617 1839 678 1881 non
700 1822 791 1881 tantis
814 1822 911 1881 maior
935 1823 1042 1883 Atrides

192 1908 381 1987 Carpathium
404 1909 624 1991 tenentibus,
647 1928 715 1970 eum
737 1908 863 1970 Doricus
886 1909 982 1972 hostis

123 2010 174 2059 450
195 1997 296 2076 Sigeas
319 2004 459 2076 rapturus
483 2017 555 2078 opes
579 1998 721 2060 Rhoeteia
745 1998 852 2059 clausit

193 2086 348 2168 Pergama3
371 2105 427 2148 444
450 2093 548 2147 134144
573 2087 681 2147 Seston
704 2089 861 2148 iuncturus
885 2089 984 2169 Abydo

192 2175 307 2236 Xerxes
330 2175 435 2235 classis
458 2183 530 2257 erat,
553 2177 683 2237 tumidas
706 2195 775 2237 4444
799 2183 948 2239 sterneret
969 2175 1043 2238 undas

193 2273 223 2325 41
244 2271 369 2344 pontum
392 2264 447 2325 suh
470 2272 561 2344 ponte
584 2266 676 2346 daret,
700 2284 768 2325 eum
792 2272 896 2343 stagna
920 2263 1032 2346 superbo

192 2356 301 2432 irrupit
323 2361 466 2414 temerata
489 2355 583 2432 gradu
605 2362 780 2433 turmaeque
803 2355 974 2434 trequentes

121 2455 173 2505 455
194 2442 432 2521 Hellespontiaco
455 2444 656 2522 persultavere
679 2443 840 2524 prolund03

192 2550 248 2592 nec
273 2533 315 2591 sic
338 2531 485 2593 Leucadio
510 2532 613 2594 classis
636 2532 795 2593 Mareotica
816 2539 907 2611 portu

192 2620 326 2681 Actiacas
350 2620 504 2682 abscondit
527 2640 627 2702 aquas,
650 2624 681 2681 in
704 2620 780 2681 bella
804 2623 905 2682 mariti

193 2709 263 2770 dum
286 2712 367 2769 venit
390 2729 406 2770 a
429 2709 516 2770 Faria
540 2710 646 2770 dotalis
669 2709 757 2770 turba
781 2709 910 2792 Canopo,

192 2817 260 2859 oum
283 2800 380 2877 patrio
404 2798 558 2878 Cleopatra
581 2800 665 2860 seron
689 2799 869 2860 circumdata
893 2801 979 2860 sistro

123 2887 288 2948 4444411114
313 2886 359 2946 vel
381 2890 466 2966 piceo
491 2887 584 2948 fulvas
608 2894 729 2948 onerata
752 2890 867 2949 carinas

191 2974 299 3036 Dorida
323 2976 461 3037 diffusam
484 2984 635 3056 premeret
656 2976 838 3037 Ptolomaide
861 2996 939 3056 gaza.

190 3064 247 3124 hoc
270 3072 303 3125 tu
326 3084 386 3126 non
410 3065 491 3127 cultu
514 3084 637 3147 pugnas,
661 3065 713 3126 sed
737 3084 819 3126 more
843 3069 976 3145 priorum

191 3152 252 3213 dite
276 3157 369 3232 magis
393 3155 611 3236 1444444114
635 3157 684 3216 cui
708 3154 841 3215 subiacet
865 3172 969 3217 aurum

192 3241 292 3302 divitis
316 3245 421 3321 ignavi.
467 3244 542 3304 tales
566 3263 604 3305 ne
628 3262 734 3323 sperne
758 3242 903 3304 rebelles:

172 3383 225 3432 444
242 3376 339 3432 navali
358 3377 407 3447 qui
425 3396 486 3451 epo,
509 3377 660 3447 navalique
677 3380 768 3446 codd,
786 3379 884 3434 navali
902 3378 998 3434 robore
1016 3363 1086 3443 Willj

100 3452 228 3520 mowitzss
242 3453 302 3506 447.
321 3455 373 3504 448
392 3467 444 3504 444
463 3469 490 3521 p.
510 3467 531 3505 s.
550 3467 577 3518 q.
596 3468 623 3520 p.
642 3450 744 3519 probat
762 3467 813 3507 om.
830 3452 876 3520 ΡΙ
894 3448 981 3504 444411
998 3430 1067 3502 cll
1082 3420 1092 3491 l

91 3527 144 3578 464
165 3541 268 3597 sperne
286 3522 403 3581 labores
422 3524 473 3596 Pl
