2414 3864
44 184 48 223 l

264 156 434 212 SIDONIUS
452 154 595 213 Menum
616 156 683 212 SUO
704 154 882 212 SALUTEM.
1036 155 1079 220 23

97 294 137 356 sed
157 322 246 368 carens
269 306 377 388 indice,
400 325 541 367 versuum
564 306 652 386 plena
675 308 863 384 satiricorum
887 305 1080 387 mordacium,
1169 370 1171 374 Α

99 401 152 450 sane
170 399 212 474 qui
235 398 307 457 satis
330 395 545 456 invectivaliter
574 395 659 457 abusi
681 396 836 456 nominum
859 395 992 456 nuditate
1017 414 1080 455 car-

44 525 46 531 ,
99 474 180 553 pelam
197 485 359 565 plurimum
382 487 461 566 vitia,
483 485 551 565 plus
573 484 717 546 homines.
764 487 843 545 inter
860 484 933 544 haec
952 485 1080 545 fremere

44 601 46 628 t
99 563 266 655 Arelatenses,
300 591 359 653 quo
388 573 446 633 loci
473 592 523 634 res
554 573 708 655 agebatur,
741 580 771 634 et
801 591 959 653 quaerere,
991 591 1079 651 quem

98 666 220 732 ivellum
242 663 356 743 publici
379 663 489 724 luroris
517 665 624 724 merito
646 663 764 742 pondus
787 669 921 742 urgeret,
948 662 996 722 his
1019 681 1079 722 ma·
1107 676 1120 716 a

44 778 46 817 ς
98 746 154 810 xime
172 752 348 833 auctoribus,
372 771 447 831 quos
470 755 549 813 notis
573 755 664 813 certis
688 758 790 813 auctor
809 754 941 815 incertus
960 769 1079 812 exacer-

44 850 59 904 γ
97 830 192 902 laverat.
238 841 268 905 3.
293 837 401 902 accidit
428 859 512 922 casu,
540 848 574 901 ut
597 841 761 902 Catullinus
784 840 920 901 inlustris
948 847 1020 902 tunc
1043 840 1079 901 ab

96 921 204 991 Arvernis
233 930 284 991 illo
315 933 444 1011 veniret,
477 949 545 991 cum
578 949 696 1010 semper
727 929 801 990 mihi
828 935 890 990 tum
921 932 1079 1010 praecipue

96 1019 237 1080 commilitio
252 1021 368 1080 recenti
382 1018 550 1101 familiaris3
565 1039 652 1099 saepe
668 1021 748 1080 enim
764 1021 842 1080 cives
857 1021 951 1098 magis
969 1021 1080 1080 amicos

94 1111 264 1186 peregrinatio
288 1109 365 1169 facit.
412 1110 503 1188 igitur
530 1109 654 1169 insidias
677 1110 825 1169 nescienti
847 1115 909 1168 tam
931 1107 1078 1169 Paeonius
1092 1123 1117 1164 ιο

95 1207 158 1267 tuam
177 1197 319 1277 Bigerrus
341 1196 395 1258 has
422 1197 625 1279 tetenderunt,
652 1205 686 1259 ut
712 1197 851 1278 plurimis
879 1216 978 1258 coram
1006 1204 1080 1257 tam-

95 1296 158 1356 quam
178 1287 212 1348 ab
237 1289 356 1347 incauto
381 1288 614 1368 sciscitarentur,
635 1286 692 1348 hoc
711 1305 819 1348 norum
839 1305 958 1346 carmen
978 1305 1015 1346 an
1034 1305 1080 1346 re·

94 1384 267 1449 reposceret.
306 1382 336 1436 et
359 1375 423 1436 ille:
447 1371 486 1435 ‘si
509 1372 666 1436 dixeritis’.
704 1394 831 1455 cumque
851 1375 944 1436 frusta
964 1375 1081 1436 diversa

64 1524 67 1530 ,
94 1467 156 1534 quasi
175 1484 228 1545 per
251 1466 351 1525 iocum
375 1464 572 1545 effunderent,
595 1465 719 1526 solvitur
743 1464 907 1526 Catullinus
931 1467 1082 1526 inrisum

93 1544 333 1633 intempestivoque
362 1554 503 1632 suffragio
534 1553 660 1615 clamare
689 1557 787 1633 coepit
815 1554 938 1633 dignum
966 1572 1080 1635 poema,
1095 1567 1120 1606 1⁵

94 1642 149 1712 quod
169 1643 393 1723 perennandum
420 1642 554 1722 apicibus
582 1645 693 1703 auratis
721 1645 799 1704 iuste
822 1642 921 1704 tabula
944 1643 1080 1704 rostralis

93 1731 213 1809 acciperet
241 1739 292 1793 aut
322 1733 411 1791 etiam
435 1731 607 1812 Capitolina.
653 1730 683 1793 4.
706 1731 852 1793 Paeonius
881 1735 1004 1814 exarsit,
1032 1735 1081 1794 cui

94 1818 203 1882 satiricus
236 1821 286 1881 ille
320 1838 451 1881 morsum
484 1820 582 1881 dentis
614 1822 702 1900 igniti
734 1821 847 1882 avidius
880 1824 1081 1903 impresserat,

94 1908 158 1983 tique
179 1910 216 1970 ad·
243 1910 394 1970 adstantes
422 1910 628 1970 circulatores:
657 1906 797 1971 ‘iniuriae
821 1907 1008 1992 communis’,
1035 1913 1080 1971 in·
1123 1921 1125 1926 ’

94 1995 148 2078 tuit,
176 1994 245 2059 ‘iam
278 2017 364 2059 reum
395 2000 503 2059 inveni.
549 1999 670 2081 videtis,
702 2006 735 2060 ut
766 1999 930 2060 Catullinus
964 2000 1080 2080 deperit
1094 2012 1121 2052 20

94 2079 147 2146 risu:
171 2094 293 2168 apparet
316 2090 344 2148 ei
372 2094 442 2147 nota
465 2091 633 2149 memorari.
679 2107 748 2149 nam
778 2107 851 2167 quae
881 2107 969 2149 causa
998 2089 1080 2149 lesti-

94 2181 141 2232 sstn
160 2175 299 2256 compulit
319 2179 516 2256 praecipitare
536 2179 723 2258 sententiam,
746 2180 805 2238 nisi
824 2178 903 2257 quod
922 2181 980 2238 iam
999 2184 1081 2237 tenet

94 2260 174 2346 totum,
201 2268 253 2346 qui
277 2265 313 2326 de
336 2273 420 2345 parte
445 2269 488 2326 sic
510 2263 644 2327 iudicat?
677 2269 758 2346 atqui
783 2265 922 2327 Sidonius
946 2284 1025 2326 nnnc
1049 2268 1080 2325 in

95 2342 194 2415 literne
214 2362 273 2415 est:
297 2354 375 2415 unde
395 2354 544 2434 colligitur
562 2362 682 2417 auctore
702 2355 761 2437 illo,
784 2357 842 2415 isto
862 2355 996 2415 auditore
1015 2373 1081 2414 rem

95 2436 195 2532 letiam?
241 2446 302 2504 itur
324 2446 356 2505 in
379 2444 472 2505 furias
495 2446 586 2524 inque
610 2446 743 2505 convicia
767 2444 899 2505 absentis
917 2445 1080 2504 nescientis
1094 2455 1120 2496 25

95 2535 307 2614 duocentisque3
330 2535 539 2615 conscientiae,
558 2533 636 2615 fidei,
656 2536 823 2613 quaestioni
841 2532 884 2593 nil
902 2539 1079 2593 reservatur.

96 2611 125 2672 sic
141 2618 204 2683 levis
227 2621 332 2683 turbae
356 2621 541 2703 facilitatem,
569 2641 626 2702 qua
653 2622 759 2704 voluit,
788 2631 818 2683 et
840 2623 930 2682 traxit
952 2640 1080 2701 persona

95 2708 224 2781 llpularis.
262 2707 291 2772 5.
310 2719 374 2772 erat
388 2713 469 2772 enim
483 2714 548 2792 ipse
562 2711 708 2772 Paeonius
722 2711 824 2791 populi
843 2717 933 2792 totus,
957 2714 1007 2791 qui
1026 2714 1079 2772 tri-

96 2781 193 2860 buliens
231 2800 350 2861 flatibus
387 2800 492 2861 crebro
530 2801 709 2861 seditionum
746 2801 868 2881 pelagus
904 2801 1079 2880 impelleret.

96 2885 198 2949 lilemm
221 2890 247 2949 si
270 2891 464 2967 requisisses:
488 2885 561 2968 ‘qui
585 2908 710 2971 genus,
734 2890 827 2951 unde
851 2886 995 2971 domo‘l’,
1019 2909 1079 2952 non
1094 2904 1120 2944 co

96 2972 244 3039 eminentius
268 2997 356 3056 quam
378 2978 599 3058 municipaliter
612 2986 710 3055 *natus
730 2997 878 3060 quemque
897 2982 976 3040 inter
995 2983 1080 3041 initia

144 3169 173 3219 30
190 3167 274 3237 Verg.
288 3165 358 3224 Aen.
372 3166 446 3236 VIII,
463 3173 521 3222 114.

125 3298 129 3309 ι
145 3242 156 3288 1
174 3237 349 3293 satiricorum
367 3256 417 3294 om.
433 3245 545 3309 praeter
563 3255 643 3294 orum
660 3256 700 3309 sp.
717 3245 734 3295 7
753 3240 770 3294 l.
784 3257 809 3294 c.
829 3239 879 3308 Lu
898 3246 912 3293 7
932 3245 996 3295 aete
1014 3238 1078 3292 illu·

97 3295 141 3355 1118
156 3307 200 3381 lep.
213 3309 258 3364 vir
276 3313 307 3366 ic
323 3311 416 3380 Tl1⁰
436 3308 506 3364 lacit
524 3309 612 3380 igitur
630 3328 680 3366 om.
698 3312 955 3380 sp.9l.o.Lll13
975 3312 1080 3363 frustra

94 3363 112 3423 tr
124 3389 176 3434 eras.
195 3381 377 3452 namorp
392 3387 425 3436 14
445 3381 620 3436 effunderent
633 3381 809 3452 novur,
829 3381 1019 3434 namneum
1037 3380 1092 3451 eq

97 3439 200 3519 ἱ311111
216 3470 277 3522 eqo,
300 3451 397 3520 itaque
420 3454 494 3508 codd.
517 3454 530 3524 11
552 3459 586 3509 27
606 3456 636 3510 et
658 3452 750 3511 traxit
769 3455 796 3512 L
821 3462 846 3514 et
864 3473 896 3512 1.
913 3473 942 3512 o.
962 3457 1051 3522 (corr.
1065 3453 1104 3505 to

97 3521 316 3590 iliberitWM
333 3525 473 3582 contraxit
489 3525 517 3581 V
517 3528 629 3603 MOI&
648 3532 684 3590 de
699 3549 761 3605 qun
775 3532 814 3605 cf.
829 3549 853 3591 e.
864 3527 962 3598 XVI,
973 3519 1131 3591 91111511
