2392 3854
229 144 396 201 SIDONIUS
414 144 620 201 AGRICOLAE
642 144 710 200 SUO
731 144 909 199 SALUTEM.
1058 145 1079 208 5

59 293 87 358 7.
113 295 151 356 ad
175 303 282 374 coepta
304 294 452 356 redeatur.
500 294 624 374 dapibus
653 293 769 374 expleto
796 311 917 354 somnus
940 293 1079 354 meridia-

57 402 115 445 nus
148 402 240 463 saepe
273 383 386 464 nullus,
424 402 542 463 semper
574 386 707 462 exiguus.
767 382 876 462 quibus
903 383 986 442 horis
1014 385 1079 443 viro

56 473 158 534 tabula
182 473 278 555 cordi,
300 480 429 534 tesseras
454 472 566 552 colligit
583 473 696 553 rapide,
719 473 841 551 inspicit
860 470 995 551 sollicite,
1018 472 1079 532 vol-

57 565 101 622 vit
124 570 241 643 argute,
266 564 359 623 mittit
381 564 536 642 instanter,
560 561 724 622 ioculanter
743 560 908 642 compellat,
931 563 1079 639 patienter

58 657 221 731 exspectat.
260 653 291 711 in
305 650 391 712 bonis
405 651 533 712 iactibus
551 657 638 730 tacet,
656 653 688 711 in
702 650 787 711 malis
807 650 894 732 ridet,
912 651 944 710 in
963 652 1078 710 neutris
1106 666 1120 706 5

58 742 212 820 irascitur,
236 742 269 800 in
292 742 428 819 utrisque
447 740 680 820 philosophatur.
727 739 873 800 secundas
896 739 1010 799 fastidit
1033 738 1079 798 vel

56 832 166 890 timere
190 828 239 888 vel
268 829 379 911 facere,
412 847 538 908 quarum
570 831 786 908 oportunitates
815 830 930 907 spernit
958 827 1079 908 oblataS,

57 920 168 979 transit
187 919 349 996 oppositas.
392 921 456 979 sine
476 926 558 979 motu
577 918 720 998 evaditur,
741 920 806 978 sine
826 916 953 978 colludio
973 916 1078 977 evadit.

57 1014 145 1086 putes
170 1006 257 1068 illum
281 1009 365 1068 etin
389 1006 509 1068 calculis
529 1025 609 1067 arma
630 1013 771 1067 tractare:
796 1005 858 1066 sola
881 1013 927 1066 est
945 1007 989 1066 illi
1008 1024 1079 1067 cura

58 1096 210 1157 uincendi.
259 1094 287 1158 8.
312 1115 379 1157 cum
398 1095 561 1157 ludendum
580 1103 635 1176 cst,
658 1098 770 1175 regiam
790 1103 957 1174 sequestrat
975 1097 1120 1156 tantis-10

57 1204 113 1264 per
136 1186 338 1266 severitatem,
361 1185 498 1246 hortatur
521 1185 557 1245 ad
580 1184 684 1245 ludum
706 1184 874 1245 libertatem
897 1186 1079 1244 communio-

57 1292 198 1353 nemque.
246 1273 344 1334 dicam
368 1275 445 1352 quod
475 1276 584 1334 sentio:
612 1276 698 1333 timet
720 1275 829 1333 timeri.
876 1273 1004 1352 denique
1028 1272 1078 1332 ob-

57 1362 187 1424 lectatur
216 1365 415 1423 commotione
444 1365 577 1442 superati
605 1369 634 1422 et
660 1370 725 1423 tum
753 1363 872 1423 demum
900 1362 996 1421 credit
1021 1360 1079 1421 sibi

57 1470 119 1512 non
148 1453 279 1513 cessisse
309 1451 464 1533 collegam,
492 1470 560 1512 cum
588 1451 678 1512 fidem
706 1452 812 1511 fecerit
838 1453 979 1511 victoriae
1008 1468 1078 1510 suae

58 1539 128 1601 bilis
152 1540 259 1601 aliena.
307 1541 444 1620 quodque
469 1543 593 1621 mirere,
622 1559 710 1620 saepe
734 1539 784 1600 illa
807 1539 919 1600 laetitia
946 1541 1078 1600 minimis
1094 1554 1119 1595 15

59 1628 270 1690 occasionibus
297 1632 419 1690 veniens
448 1632 615 1709 ingentium
642 1631 830 1708 negotiorum
853 1631 959 1689 merita
985 1630 1078 1689 fortu-

58 1729 117 1779 nat.
164 1726 237 1779 tunc
264 1718 459 1797 petitionibus
487 1719 539 1778 diu
563 1725 630 1779 ante
659 1737 713 1797 per
741 1720 978 1796 patrociniorum
1006 1736 1078 1778 nau-

60 1807 153 1886 fragia
180 1809 299 1867 iactatis
328 1806 522 1868 absolutionis
551 1807 665 1868 subitae
696 1814 800 1886 portus
832 1809 977 1888 aperitur3
1008 1815 1079 1867 tunc

61 1898 151 1956 etiam
183 1914 238 1975 ego
271 1894 382 1975 aliquid
411 1897 621 1957 obsecraturus
654 1895 782 1956 feliciter
813 1898 929 1977 vincor,
962 1896 1078 1975 quando

62 1985 135 2045 mihi
166 1985 203 2045 ad
235 1984 293 2045 hoc
324 1984 424 2046 tabula
455 1987 547 2066 perit,
579 1992 613 2045 ut
640 2003 728 2045 causa
761 1984 897 2045 salvetur.
945 1982 973 2046 9.
998 1987 1120 2045 circaeo

63 2092 170 2134 nonam
192 2073 378 2135 recrudescit
399 2073 486 2135 mohs
505 2073 555 2134 illa
574 2073 726 2152 regnandi.
773 2073 900 2134 redeunt
917 2073 1079 2154 pulsantes,

66 2163 188 2223 redeunt
220 2170 453 2244 summoventes3
486 2163 597 2242 ubique
629 2162 777 2240 litigiosus
810 2163 911 2222 fremit
941 2162 1079 2243 ambitus,

67 2253 116 2328 qni
137 2258 250 2312 tractus
273 2254 306 2312 in
329 2270 484 2330 vesperam
512 2270 585 2312 cena
613 2253 695 2330 regia
718 2251 926 2330 interpellante
954 2253 1080 2311 rarescit

70 2348 96 2398 ct
116 2358 170 2419 per
193 2340 305 2401 aulicos
329 2340 470 2420 deinceps
498 2359 552 2420 pro
580 2348 773 2420 patronorum
799 2343 940 2400 varietate
965 2340 1078 2417 disper-

71 2430 156 2508 gitur,
191 2448 287 2509 usque
322 2431 358 2490 ad
391 2436 508 2509 tempus
542 2429 704 2490 concubiae
741 2432 838 2490 noctis
871 2427 1078 2488 excubaturus.
1093 2441 1120 2482 25

73 2533 135 2577 sane
158 2519 406 2599 intromittuntur,
429 2537 610 2598 quamquam
632 2536 710 2598 raro,
733 2520 812 2578 inter
836 2517 1001 2577 cenandum
1024 2519 1079 2576 mi-

74 2607 136 2665 mici
161 2606 249 2687 sales,
283 2609 325 2668 ita
353 2615 387 2668 ut
414 2607 513 2668 nullus
542 2609 663 2668 conviva
691 2608 839 2667 mordacis
866 2605 983 2685 linguae
1012 2605 1079 2667 felle

76 2691 199 2777 feriatur,
237 2698 280 2757 sic
312 2703 425 2777 tamen,
462 2696 541 2776 quod
578 2696 638 2756 illic
675 2715 730 2757 ncc
764 2713 872 2774 organa
908 2695 1080 2774 hydraulica

78 2792 170 2845 sonant
195 2803 250 2845 nec
279 2785 335 2846 sub
363 2786 512 2865 phonasco
541 2785 686 2846 vocalium
714 2792 876 2845 concentus
904 2784 1079 2845 meditatum

140 3008 322 3078 lcompellot
345 3008 503 3063 ioculanter
527 3012 659 3079 expectat
681 3009 827 3077 pacienter
847 3009 871 3065 O
892 3012 896 3078 Ι
921 3008 1079 3065 ioculanter

85 3071 110 3124 N
112 3073 142 3127 M
147 3077 174 3145 O,
190 3079 353 3134 ioculariter
366 3081 425 3135 ΒΤ
440 3083 444 3145 Ι
461 3080 614 3149 compellat
627 3097 678 3136 om.
692 3097 733 3150 sp.
749 3087 767 3134 8
782 3082 834 3135 itu.
848 3098 907 3136 eae.
920 3082 946 3135 L
960 3084 969 3151 ΙΙ
985 3087 1016 3134 11
1037 3081 1078 3132 lu-

86 3140 188 3201 dendum
207 3150 248 3218 1³3
277 3150 374 3205 ludum
392 3153 452 3206 secl.
472 3152 639 3220 Mommsen,
665 3151 726 3205 ludi
746 3152 921 3220 Gustcfssore,
947 3151 1079 3205 ludorum

88 3212 245 3286 Enpeibreeltt
267 3223 276 3291 ΙΙ
300 3228 332 3276 13
352 3240 405 3292 sup
425 3227 508 3292 (apd
528 3224 578 3278 tiu.
597 3227 668 3290 oce.)
689 3222 731 3277 eti
749 3223 776 3276 L
801 3227 804 3292 Ι
830 3229 889 3278 tum
908 3223 991 3286 LN¹‚
1011 3226 1077 3274 tune

89 3281 158 3363 ΨΜ
163 3290 211 3345 0¹1¹
225 3297 229 3360 1
246 3293 357 3347 demum
376 3293 466 3347 credit
484 3311 534 3349 om.
549 3311 588 3363 sp.
603 3299 637 3348 11
658 3295 710 3348 titt.
724 3311 781 3349 ooo.
792 3295 829 3360 L,
846 3312 867 3350 s.
879 3296 895 3349 i.
907 3295 970 3349 odd.
981 3292 1015 3344 N
1016 3290 1077 3344 ¹M¹

90 3368 99 3420 l,
112 3361 138 3411 16
153 3363 261 3418 veniens
281 3364 474 3419 occasionibus
492 3365 515 3420 0
524 3367 534 3435 ΙΙ
548 3371 581 3419 21
601 3364 684 3419 molis
698 3365 733 3434 L,
752 3364 846 3419 mollis
861 3366 912 3430 N1,
931 3361 1019 3417 moles
1034 3361 1068 3414 N
1068 3360 1077 3389 ²

91 3423 122 3490 (0⁸
136 3431 164 3484 iu
179 3450 231 3490 roa.
246 3435 348 3505 M²)M
353 3436 376 3491 0
381 3437 407 3490 T
420 3438 430 3506 ΙΙ
451 3442 486 3489 24
501 3444 564 3505 post
583 3436 689 3490 aulicos
708 3438 795 3491 deesse
812 3453 909 3492 uomere
926 3435 999 3488 uelut
1017 3430 1077 3483 adi-

90 3494 125 3548 tm
139 3507 287 3574 tutpieotur
299 3507 475 3578 Iaeetjohauu
487 3510 498 3578 ll
512 3515 546 3564 27
560 3514 627 3580 post
646 3506 722 3566 sales
737 3510 805 3568 odd.
818 3507 873 3565 sed
885 3503 1101 3574 Imet'gohuuuh
