2414 3864
132 145 174 208 76
485 145 595 200 LIBER
613 145 788 212 QUARTUS.

131 294 225 356 babeo
250 314 338 375 quam
362 296 440 375 quod
459 295 554 356 malus
573 304 660 374 poeta
679 314 744 356 esse
763 295 830 374 plus
850 299 944 376 coepi.
980 294 1031 361 10.
1050 300 1142 380 proin,

132 403 251 464 quaeso,
270 384 371 445 delicti
390 386 479 445 huius
494 386 568 445 mihi
581 387 705 463 gratiam
720 385 819 466 facias,
839 387 917 464 quod
932 387 1143 468 aliquantisper

132 475 191 533 mei
209 476 376 534 meminens
397 481 530 535 arentem
549 472 685 534 venulam
703 476 801 534 rarius
820 474 936 536 flumini
955 483 1007 537 tuo
1027 479 1143 538 misceo.

131 571 212 622 tuam
235 563 336 623 tubam
360 571 441 624 totus
465 581 520 642 qua
545 571 626 642 patet
645 562 726 623 orbis
750 565 814 623 iure
834 564 1036 647 venerabitur,
1060 584 1145 645 quam

103 658 248 712 sconstat
271 655 419 731 geminata
443 652 582 713 felicitate
607 655 762 732 cecinisse,
786 653 903 731 quando
921 671 978 715 nec
997 655 1145 716 aemulum

131 743 266 820 repperit
292 760 348 801 nec
376 741 542 821 aequalem,
569 760 637 802 cum
664 741 781 820 pridem
809 760 897 802 aures
925 750 955 803 et
979 762 1032 803 ora
1055 763 1145 824 popu·

132 830 229 890 lorum
252 848 299 890 me
324 831 413 890 etiam
432 830 660 890 circumferente
683 837 903 908 pervagaretur.
940 831 1030 892 nobis
1049 841 1146 894 autem

132 918 252 996 grandis
281 918 416 999 audacia,
444 921 470 979 si
498 918 544 979 vel
572 919 650 997 apud
673 919 867 998 municipales
892 928 922 981 et
945 921 1147 982 cathedrarios

133 1015 266 1068 oratores
294 1014 344 1067 aut
371 1008 505 1069 forenses
533 1007 651 1068 rabulas
680 1010 857 1088 garriamus,
886 1011 937 1088 qui
966 1012 1057 1071 etiam
1082 1031 1147 1072 cum

93 1117 119 1158 1o
133 1103 287 1178 perorant,
311 1095 389 1157 salva
411 1115 483 1176 pace
506 1099 670 1178 potiorum,
690 1096 778 1157 turba
800 1101 989 1159 numerosior
1013 1099 1147 1161 illittera-

133 1187 258 1246 tissimis
272 1185 381 1245 litteris
400 1193 512 1247 vacant.
549 1204 617 1246 nam
631 1194 671 1266 te,
694 1189 752 1266 cui,
775 1204 829 1247 seu
852 1186 981 1248 liberum
1000 1207 1056 1249 seu
1079 1188 1148 1268 liga·

133 1283 196 1335 tum
215 1275 329 1354 placeat
347 1276 494 1336 alternare
515 1293 692 1355 sermonem,
715 1277 850 1335 intonare
870 1276 1056 1338 ambifariam
1082 1297 1148 1357 sup-

133 1366 220 1445 petit,
247 1366 366 1445 pauci,
394 1383 482 1444 quos
506 1383 641 1443 aequus
665 1366 806 1445 amavit,
834 1365 1040 1428 imitabuntur.
1078 1368 1148 1428 vale.

613 1589 670 1655 IV.

157 1712 325 1768 SIDONIUS
345 1711 525 1768 SIMPLICIO
544 1712 590 1766 ΕΤ
609 1711 830 1767 APOLLINARI
850 1713 927 1768 stus
946 1715 1129 1771 SALUTEM.

95 1845 120 1886 15
203 1824 231 1887 1.
254 1825 365 1887 Eccum
387 1825 434 1886 vel
457 1826 576 1886 tandem
600 1826 684 1886 adest
706 1829 865 1904 promissio
884 1846 959 1909 mea,
982 1833 1151 1908 expectatio

133 1923 244 1995 vestra,
276 1914 448 1995 faustinus,
480 1922 564 1994 pater
597 1915 722 1975 familias
755 1916 835 1976 domi
866 1916 975 1977 nobilis
1009 1925 1040 1978 et
1071 1921 1151 1980 inter

133 2007 261 2066 maxima
292 2006 404 2084 patriae
436 2006 495 2063 iam
528 2004 602 2064 mibi
632 2003 749 2082 sibique
780 2008 946 2066 communis
974 2016 1150 2069 ornamenta

134 2093 344 2155 numerandus.
390 2093 439 2152 hic
462 2110 547 2153 meus
570 2093 662 2154 frater
685 2093 827 2153 natalium
849 2095 1011 2176 parilitate,
1036 2100 1151 2158 amicus

135 2186 301 2245 animorum
325 2181 533 2264 similitudine3
557 2199 645 2261 saepe
669 2201 736 2243 cum
760 2183 817 2243 boc
836 2186 926 2264 seria,
951 2203 1040 2264 saepe
1062 2189 1153 2246 etiam

95 2290 121 2330 eo
135 2277 199 2334 ioca
222 2274 343 2353 miscu13
367 2289 495 2350 cumque
518 2270 626 2331 abhinc
644 2278 724 2331 retro
744 2273 867 2332 iuvenes
888 2291 1016 2355 eramus,
1041 2277 1074 2335 in
1093 2275 1152 2354 pila

135 2365 166 2423 in
194 2364 332 2442 tesseris,
360 2359 483 2421 saltibus
512 2378 616 2440 cursu,
644 2367 751 2420 venatu
778 2368 880 2421 natatu
907 2368 1008 2422 sancta
1031 2382 1153 2444 semper

135 2451 292 2533 ambobuS,
316 2452 385 2529 quia
407 2456 545 2509 manente
569 2451 705 2530 caritate,
729 2452 888 2510 contentio.
930 2451 1005 2511 mibi
1028 2453 1151 2531 quidem

134 2543 229 2600 maior
251 2540 300 2600 hic
323 2546 404 2620 natu,
426 2545 541 2599 tantum
564 2545 672 2619 tamen,
695 2546 729 2599 ut
751 2557 820 2598 eum
843 2556 902 2599 non
925 2546 986 2599 tam
1009 2541 1153 2602 honorari

135 2647 258 2690 necesse
282 2636 363 2689 esset
381 2645 470 2706 quam
494 2626 655 2688 delectaret
678 2629 801 2709 imitari;
826 2627 913 2687 simul
937 2635 967 2688 et
991 2632 1057 2708 ipse
1082 2632 1152 2692 hinc

96 2717 262 2797 etamplius
286 2715 466 2796 capiebatur,
491 2716 568 2794 quod
593 2734 625 2776 se
649 2715 732 2795 diligi
755 2718 848 2795 magis
873 2735 961 2795 quam
986 2722 1073 2797 quasi
1095 2720 1153 2781 coli

136 2805 334 2885 intellegebat.
372 2806 422 2866 sed
447 2813 589 2884 provectu
613 2808 717 2865 aetatis
741 2812 771 2865 et
794 2805 900 2865 militia
920 2806 1060 2888 clericali,
1084 2828 1152 2870 cum

137 2902 215 2955 esset
238 2894 373 2954 amabilis
396 2896 487 2975 prius
515 2897 612 2972 coepit
635 2894 722 2954 modo
743 2912 808 2954 esse
828 2895 1015 2956 venerabilis.
1049 2896 1080 2958 2.
1099 2916 1154 2977 per

135 2984 215 3044 bunc
240 2983 363 3044 salutem
388 2983 463 3063 dico,
487 2983 587 3043 videre
611 3000 662 3042 vos
687 2982 741 3043 sub
766 3002 821 3062 ope
845 2983 956 3044 Christi
980 3004 1070 3064 quam
1092 3006 1152 3047 ma-

210 3161 242 3210 13
260 3153 345 3224 Verg.
361 3153 428 3209 Aen.
443 3152 491 3223 Vl,
508 3160 567 3209 129.

209 3234 222 3280 1
242 3225 361 3294 proinde
381 3225 433 3280 GT
444 3229 485 3294 114
503 3227 583 3292 patet
606 3225 662 3280 VT
679 3233 703 3280 et
722 3229 803 3293 (corr.
823 3243 856 3281 ea
873 3226 969 3296 patuit
982 3227 1017 3281 N
1019 3227 1085 3297 ι)Ν,
1104 3244 1153 3297 pa·

135 3297 193 3351 tuit
210 3297 316 3364 LMO,
339 3296 464 3365 patuerit
487 3297 684 3364 Wilomoeoa'tz;
707 3299 741 3365 cs.
761 3314 800 3366 ep.
821 3298 871 3366 VI,
885 3303 943 3366 1‚3
970 3300 979 3368 ΙΙ
1007 3304 1024 3353 6
1042 3298 1152 3367 pridem

136 3371 177 3437 M,
201 3369 247 3424 vel
264 3367 386 3438 primum
405 3385 426 3422 a.
446 3369 462 3421 l.
482 3368 546 3423 add.
566 3369 623 3436 M¹,
647 3367 768 3437 primum
788 3368 814 3421 Τ
834 3372 843 3430 11
867 3374 901 3422 14
918 3371 1001 3426 inser.
1021 3387 1072 3425 om.
1093 3371 1120 3423 L
1141 3371 1151 3440 11

136 3447 167 3494 at
188 3447 294 3495 venatu
315 3439 379 3508 CF,
396 3455 416 3494 s.
437 3439 454 3492 l.
474 3439 538 3493 add.
559 3440 604 3504 T‘,
623 3456 674 3494 om.
689 3439 876 3509 LNVMPll
890 3444 924 3494 23
943 3439 1076 3495 honorari
1092 3441 1157 3496 ΒΝ

123 3513 235 3581 MK
254 3510 384 3568 venerari
405 3509 499 3584 01126
519 3513 548 3568 et
568 3511 604 3584 L,
622 3527 659 3568 ex
678 3516 761 3581 (corr.
779 3527 813 3566 eoe
831 3513 862 3563 et
878 3511 1090 3579 N‘lblbic'ff
