2414 3864
136 138 199 203 170
483 137 591 193 Llssuu
609 137 794 195 SEPTIMUS.

201 306 271 349 rura
293 287 477 367 paludicolae
499 291 609 349 temnis
631 289 774 368 populosa
796 288 955 350 Ravennae

142 389 177 438 20
244 384 372 455 atquae
395 376 527 456 lanigero
551 377 587 438 de
610 395 663 438 sue
685 396 795 439 nomen
817 377 935 439 habent

200 465 324 545 angulus
347 468 404 526 iste
428 466 525 546 placet
546 470 800 547 paupertinusque
824 485 963 528 recessus

266 561 297 616 et
319 573 399 635 casa,
423 558 472 616 cui
494 554 591 616 culmo
614 555 744 617 culmina
766 574 870 635 pressa
893 556 998 617 forent

201 644 339 706 aedificas
361 644 411 704 hic
433 647 497 723 ipse
521 645 576 705 deo
600 644 767 706 venerabile
791 644 952 727 templum,

266 735 331 813 ipse
354 733 403 792 dei
425 733 569 813 templum
592 751 717 813 corpore
740 734 817 795 lacte
839 736 933 813 prius.

142 833 176 884 26
200 822 278 883 liniti
301 839 407 882 cursus
430 824 498 882 istic
521 825 656 902 vitaeque
679 825 816 902 viaeque:

267 910 370 971 sudori
393 918 530 990 superest
552 911 640 990 dupla
664 930 773 972 corona
795 919 855 973 tuo.

200 1001 259 1060 iam
282 1006 312 1060 te
336 1001 528 1061 circumstant
545 1000 676 1079 paradisi
698 1000 780 1061 milia
804 1004 897 1083 saori3

266 1087 412 1148 Abraham
435 1091 494 1149 iam
516 1097 546 1150 te
570 1092 803 1169 conperegrinus
826 1089 928 1171 habet3

199 1179 258 1238 iam
281 1179 407 1257 patriam
431 1179 610 1257 ingrederis,
634 1178 686 1239 sed
709 1179 746 1239 de
770 1197 828 1257 qua
851 1178 963 1240 decidit
984 1177 1079 1256 Adam3
1160 1196 1162 1209 ·

265 1269 324 1327 iam
347 1273 432 1346 potes
455 1267 492 1327 ad
514 1268 626 1328 iontem
650 1267 781 1329 fluminis
804 1269 849 1328 ire
872 1270 925 1329 tui

200 1405 229 1470 3.
252 1408 343 1491 Ecce,
375 1417 408 1470 ut
440 1411 626 1491 iniunxeraS,
659 1429 734 1489 quae
767 1417 882 1471 restant
914 1410 1029 1490 sepulto
1062 1409 1117 1469 tusc

132 1498 342 1581 persolvimus3
379 1499 445 1579 sed,
478 1501 504 1558 si
534 1501 667 1559 vicissim
699 1501 830 1560 caritatis
866 1501 1002 1579 imperiis
1037 1499 1118 1559 tratre

133 1590 243 1657 amieos
267 1587 483 1648 commilitones
508 1586 632 1666 obsequi
656 1588 749 1669 decet,
773 1589 808 1648 ad
831 1589 942 1669 ricem,
971 1589 1119 1669 quaesotr

134 1695 250 1755 quoque
275 1675 383 1756 quihus
407 1680 520 1737 emines
543 1679 689 1737 institutis
712 1675 876 1756 discipulos
899 1680 965 1738 eius
985 1675 1120 1757 aggredere

105 1787 119 1824 a
134 1765 223 1825 solari
242 1765 492 1844 fluctuantemque
515 1765 647 1844 regulam
666 1766 791 1826 fratrum
810 1765 1022 1827 destitutorum
1039 1776 1121 1826 secuu-

134 1853 204 1914 dum
229 1861 336 1915 statuta
349 1853 549 1915 Lirinensium
568 1861 687 1933 patrum
700 1853 746 1915 vel
761 1853 1006 1916 Grinincensium
1019 1855 1121 1916 festinus

133 1942 276 2023 informa3
295 1944 380 2003 cuius
404 1943 576 2022 disciplinae
597 1946 623 2003 si
647 1946 698 2023 qui
721 1942 856 2023 rebelles,
879 1947 945 2023 ipse
970 1947 1087 2024 castiga,
1103 1935 1122 1995 εἰ

134 2033 186 2110 qui
209 2049 360 2113 sequaces,
383 2034 447 2110 ipse
471 2031 622 2093 conlauda.
667 2029 698 2093 4.
730 2034 918 2111 praepositus
941 2032 1002 2094 illis
1025 2031 1124 2113 quidem

133 2120 250 2181 ridetur
274 2127 393 2181 sanctus
416 2121 581 2202 Auxanius,
614 2125 665 2200 qui
696 2123 755 2201 vir,
787 2129 820 2181 ut
851 2123 957 2205 nosti,
977 2119 1124 2201 plusculum

93 2231 118 2271 1o
132 2210 210 2270 iusto
243 2216 274 2270 et
305 2228 428 2290 corpore
461 2211 597 2270 infirmus
625 2217 655 2271 et
686 2209 872 2271 verecundus
904 2213 1026 2289 ingenio
1049 2217 1124 2288 coque

132 2299 255 2378 parendi
278 2317 367 2377 quam
389 2299 555 2378 imperandi
586 2301 751 2379 promptior
784 2301 875 2377 exigit
907 2306 936 2360 te
969 2303 1080 2382 rogari,
1103 2293 1128 2352 ul

132 2394 183 2448 tuo
211 2390 276 2467 ipse
304 2387 359 2448 sub
387 2390 557 2466 magisterio
589 2390 761 2448 monasterii
792 2390 935 2466 magister
965 2388 1083 2450 accedat
1101 2385 1130 2455 el,

133 2479 160 2536 si
182 2479 249 2557 quis
272 2476 357 2537 illum
380 2477 417 2537 de
435 2477 602 2537 iunioribus
626 2480 771 2557 spreverit
797 2484 948 2556 tamquam
972 2479 1132 2558 imperitum

132 2565 178 2626 vel
200 2565 429 2647 pusillanimem,
451 2585 505 2645 per
527 2572 557 2626 te
580 2584 672 2626 unum
696 2568 804 2627 sentiat
826 2572 988 2645 utrumque
1011 2585 1071 2628 non
1088 2568 1134 2626 im·

93 2675 118 2715 1⁵
132 2673 211 2732 pune
235 2657 392 2716 contemni.
435 2655 505 2734 quid
535 2651 649 2715 multa?
689 2657 734 2715 vis
758 2663 790 2715 ut
817 2656 920 2734 paucis
954 2655 1027 2734 quid
1056 2653 1138 2715 veiim

133 2740 296 2820 agnoscas?
319 2762 438 2824 quaeso,
457 2750 490 2804 ut
513 2743 602 2804 abhas
626 2746 665 2804 sit
687 2744 779 2804 irater
792 2743 944 2804 Auxanius
964 2762 1054 2824 supra
1072 2753 1140 2805 con*

132 2835 346 2914 gregationem,
369 2841 400 2893 tu
424 2851 494 2893 vero
518 2840 548 2893 et
571 2851 660 2912 supra
683 2832 826 2893 abbatem.
863 2831 935 2892 vale.

203 3035 230 3074 v.
244 3025 278 3074 28
296 3021 326 3074 te
344 3020 402 3074 iam
422 3022 465 3092 og
480 3029 495 3077 6
514 3019 735 3091 grinnicensinm
754 3021 778 3075 0
788 3024 797 3091 ΙΙ
