2414 3864
104 143 169 208 338
474 143 626 199 GARMEN
644 141 744 198 XXIII.

263 291 425 374 Lenaeum,
449 292 602 375 Cererem,
624 293 737 373 Palem,
759 294 929 356 Minervam

264 385 367 463 spicis,
390 381 524 464 palmite,
545 385 678 463 pascuis,
701 386 836 461 trapetis,

263 471 334 531 solis
357 472 411 531 fise
433 473 506 532 viris
529 491 585 533 nee
607 474 738 551 expetito

263 567 384 621 naturae
408 559 517 622 auxilio
539 560 645 640 procul
668 559 781 621 relictis

210 661 243 712 5ο
262 667 403 728 promens
425 649 577 711 montibus
599 650 688 711 altius
711 668 868 729 cacumen,

262 739 323 799 n'on
346 745 375 798 te
399 739 478 799 fossa
500 746 605 818 patens
628 758 684 800 nec
706 738 896 817 hispidarum

263 826 382 888 obiectu
405 827 524 888 sudium
547 835 669 889 coronat
691 845 793 909 agger3

261 933 321 976 555
344 923 377 976 tu
396 934 559 998 marmora,
581 917 728 978 bratteam
750 919 944 1002 vitrumque,

261 1022 321 1064 non
343 1005 503 1066 testudinis
524 1005 643 1067 Indicae
666 1008 807 1087 nitorem,

207 1105 240 1154 55
260 1111 319 1155 555
343 1096 369 1154 si
391 1113 465 1173 quas
488 1095 588 1156 eboris
610 1094 711 1157 trabes
733 1095 871 1156 refractis

259 1185 365 1243 rostris
389 1183 557 1245 Marmarici
580 1184 689 1245 dedere
711 1182 805 1263 barri,

260 1273 326 1350 figis
350 1272 506 1334 moenibus
530 1291 694 1352 aureasque
717 1279 817 1351 portas

260 1379 386 1421 exornas
409 1363 564 1422 asaroticis
586 1361 708 1443 lapillis,

261 1450 313 1511 sed
335 1468 390 1529 per
414 1453 571 1511 semirutas
595 1450 742 1530 superbus
765 1467 864 1532 arces,

207 1551 240 1602 50
260 1539 419 1600 ostendens
442 1542 551 1600 veteris
575 1540 666 1600 decus
690 1537 793 1619 duelli,

260 1635 414 1707 quassatos
437 1631 516 1708 geris
539 1628 650 1690 ictibus
673 1628 813 1709 molareS,

259 1716 413 1777 laudandis
435 1719 595 1797 pretiosior
617 1720 722 1779 ruinis.

259 1808 319 1866 sint
341 1805 431 1867 urbes
455 1805 528 1867 aliae
552 1808 613 1867 situ
635 1809 779 1887 55155555,

258 1913 331 1973 quas
356 1897 434 1955 vires
456 1894 585 1956 humiles
607 1914 662 1974 per
684 1895 741 1956 alta
764 1896 914 1980 condunt,

207 1997 239 2044 55
260 1989 290 2042 et
312 2001 366 2062 per
389 1986 567 2062 praecipites
590 1983 685 2046 locata
708 1986 814 2045 cristas

259 2089 422 2151 numquam
444 2075 561 2133 moenia
584 2091 670 2134 caesa
693 2072 873 2152 glorientur:

260 2169 293 2220 tu
315 2161 430 2240 pulsate
453 2161 552 2241 places
575 2162 723 2241 fidemque
747 2161 854 2222 fortem

258 2253 437 2329 oppugnatio
460 2269 547 2330 passa
569 2251 738 2330 publicavit.

304 2337 380 2399 Hinc
402 2346 432 2399 te
454 2339 578 2400 Martius
601 2339 650 2400 ille
674 2346 774 2400 rector
797 2348 887 2419 atque

206 2441 239 2490 το
258 2445 364 2506 magno
388 2435 471 2507 patre
494 2431 592 2510 prior,
614 2430 704 2490 decus
728 2427 883 2511 Getarum,

259 2516 407 2576 Romanae
430 2517 568 2578 columen
592 2518 729 2597 salusque
753 2520 864 2599 gentis,

258 2605 463 2668 Theudoricus
487 2615 565 2668 amat
587 2607 704 2686 sibique
727 2606 818 2667 lidum

258 2694 398 2755 adversos
421 2696 527 2775 probat
550 2703 616 2757 ante
639 2714 694 2776 per
716 2695 871 2757 tumultus.

259 2783 312 2844 sed
336 2803 396 2844 non
419 2786 489 2846 hinc
511 2786 630 2847 videare
653 2785 729 2846 forte
753 2787 863 2865 turpis,

210 2886 242 2934 75
263 2872 341 2952 quod
364 2879 394 2932 te
417 2874 552 2934 machina
575 2875 678 2935 crebra
701 2874 876 2954 perforavit5

255 2980 382 3040 namque
405 2964 436 3023 in
460 2981 584 3042 corpore
607 2964 728 3023 fortium
752 2965 884 3023 virorum
909 3026 914 3048 ,Ι

255 3049 319 3111 laus
343 3058 389 3111 est
412 3050 536 3130 amplior
559 3051 684 3131 amplior
707 3053 838 3112 cicatrix.

256 3141 287 3199 in
311 3142 417 3201 castris
440 3140 632 3201 Marathoniis
655 3150 819 3201 merentem

255 3226 362 3288 vulnus
386 3247 445 3290 non
468 3229 607 3290 habuisse
631 3229 741 3309 grande
764 3229 912 3308 probrum
936 3241 1003 3316 est;

166 3439 200 3489 46
218 3431 287 3504 5515
305 3433 357 3506 Pr,
375 3434 478 3504 551555
495 3433 548 3505 Pb,
568 3435 651 3506 55155
667 3436 695 3507 0,
714 3435 798 3506 55155
813 3438 860 3509 Pl
875 3443 910 3494 '12
930 3439 1112 3500 theodotioni

82 3505 154 3579 PF,
177 3504 364 3565 theodericus
384 3507 462 3580 (llll
659 3539 662 3546 ·
