2414 3864
144 139 209 205 256
550 136 703 193 edituum
721 137 756 194 V.

278 307 347 349 nam
369 288 463 348 famae
487 285 610 366 pelagus
634 287 732 348 sidere
756 305 844 348 curro
870 305 933 348 suo.

212 380 239 439 si
261 377 379 458 probat,
403 378 527 457 emittit,
551 378 577 436 si
600 376 719 437 damnat
738 377 884 456 carmina,
907 374 995 455 celat,

278 485 334 527 nec
357 484 412 526 nos
435 465 614 526 ronchisono
637 465 827 526 rhinocerote
850 472 942 526 notat.

213 558 237 637 i,
260 554 349 616 liber:
372 555 421 615 hic
444 561 581 615 nostrum
603 559 730 636 tutatur,
754 553 858 635 crede,
881 552 1037 634 pudorem,

161 657 194 707 10
279 644 335 705 hoc
358 661 482 704 censore
506 645 595 704 etiam
619 642 807 723 displicuisse
831 641 938 722 placet.

624 868 680 935 IV.

172 990 376 1046 recurando
395 989 621 1047 PANEGYRIOI
639 990 738 1046 nicar
754 989 901 1046 nouum
920 953 1197 1046 mensf‘llffi

217 1077 372 1135 causam
389 1079 488 1135 inmo
507 1079 667 1135 omnnio
686 1078 896 1135 umonmno
914 1053 1164 1135 accuse-⁷0·

215 1194 334 1273 Tityrus
353 1199 387 1254 ut
410 1193 558 1272 quondam
580 1193 697 1273 patulae
721 1192 776 1254 sub
799 1195 931 1272 tegmine
955 1193 1016 1272 lagi

281 1282 412 1343 volveret
434 1282 552 1342 inilatos
575 1300 729 1342 murmura
751 1299 806 1361 per
828 1281 971 1364 calamos,

216 1374 366 1452 praestitit
388 1370 498 1432 alllicto
521 1373 569 1431 ius
592 1373 669 1432 vitae
693 1370 801 1431 Caesar
825 1377 855 1432 et
881 1373 959 1454 agri,

282 1479 338 1521 nec
362 1463 445 1521 stetit
467 1459 502 1519 ad
526 1466 646 1520 tenuem
670 1459 778 1521 celsior
800 1462 845 1520 ira
868 1478 970 1541 reum,

180 1549 269 1612 used
293 1568 345 1610 rus
368 1567 543 1609 concessum
568 1548 639 1609 dum
662 1548 743 1627 largo
767 1550 800 1608 in
822 1551 960 1628 principe
983 1547 1069 1609 lauda
1080 1588 1131 1604 f
1145 1539 1163 1612 t,

284 1637 399 1698 caelum
421 1656 476 1718 pro
499 1639 590 1698 terris
614 1639 726 1698 rustica
748 1635 831 1698 Musa
854 1637 953 1719 dedit3

216 1745 272 1787 nec
295 1727 351 1787 iuit
373 1727 499 1787 inierius
522 1726 669 1787 Phoebeia
692 1726 768 1786 dona
791 1727 917 1787 relerre:

285 1815 397 1875 lecerat
418 1816 468 1876 hic
491 1815 660 1896 dominum,
684 1816 754 1876 lecit
777 1822 807 1875 ct
830 1814 879 1876 ille
903 1815 1002 1876 deum.

219 1910 248 1964 et
271 1902 339 1984 tibi,
357 1903 475 1985 Flacce,
499 1906 578 1965 acies
601 1904 687 1965 Bruti
710 1903 852 1983 Cassique
876 1911 980 1965 secuto

166 2005 200 2054 10
287 1994 427 2052 carminis
452 1999 497 2053 est
519 2001 636 2075 auctor,
660 1995 712 2072 qui
734 1993 790 2053 luit
813 1999 843 2052 et
865 1996 979 2054 veniae.

219 2083 263 2142 sic
285 2081 359 2141 mihi
382 2081 499 2142 diverso
522 2101 619 2161 nuper
642 2082 698 2143 sub
720 2081 814 2142 Marte
838 2082 957 2143 cadenti

284 2172 399 2230 iussisti
422 2178 535 2252 erecto,
558 2173 666 2252 victor,
688 2177 722 2231 ut
745 2189 842 2231 essem
867 2173 975 2231 animo.

219 2261 328 2321 serviat
351 2277 421 2338 ergo
444 2259 500 2320 tibi
523 2263 632 2320 servati
654 2260 754 2338 lingua
777 2266 882 2338 poetae

285 2355 373 2427 atque
396 2366 479 2408 meae
505 2351 579 2409 vitae
603 2348 667 2409 laus
690 2356 740 2409 tua
764 2351 803 2408 sit
825 2350 966 2427 pretium.

167 2451 198 2500 15
218 2457 278 2499 non
302 2455 356 2517 ego
380 2437 512 2498 mordaci
535 2437 644 2497 lodiam
666 2437 754 2498 modo
778 2436 866 2498 dente
889 2437 1041 2498 Maronem

286 2545 341 2587 nec
365 2529 459 2587 civem
483 2544 615 2607 carpam,
638 2534 717 2587 terra
742 2525 870 2606 Sabella,
894 2533 988 2587 tuum.

218 2635 267 2676 res
290 2618 388 2675 minor
411 2617 531 2693 ingenio
553 2615 653 2696 nohis,
677 2614 730 2675 sed
754 2614 879 2675 Caesare
903 2616 1011 2696 maior3

285 2707 404 2765 vincant
426 2705 558 2785 eloquio,
581 2703 740 2764 dummodo
763 2722 818 2764 nos
842 2702 972 2764 domino.

639 2929 678 2996 V.

530 3051 793 3108 concensemus

287 3165 415 3245 Concipe
438 3167 628 3247 praeteritos,
652 3164 833 3246 respublica,
855 3173 956 3226 mente
984 3156 1131 3239 momphost

244 3257 401 3334 imperium
421 3257 480 3316 iam
503 3253 606 3315 consul
629 3254 727 3335 habet,
751 3273 840 3333 quem
862 3273 996 3334 purpura
1017 3269 1071 3313 non
1087 3240 1132 3323 plu

225 3426 264 3481 lV
283 3433 298 3480 2
318 3425 440 3480 solveret
460 3426 502 3497 011
519 3432 550 3481 12
571 3427 664 3481 erecto
682 3425 773 3481 victor
791 3425 858 3494 Len,
875 3424 967 3482 victor
984 3423 1067 3481 vietor
1080 3406 1133 3473 cedd·

149 3496 276 3570 (placido
295 3495 387 3556 victor
405 3499 513 3571 culpam
532 3499 568 3568 cf.
587 3515 611 3554 c.
626 3498 748 3565 XXIII,
761 3501 794 3552 19
808 3499 821 3565 tt
