2414 3864
84 175 260 232 SIDONIUS
277 175 422 233 DOMINO
436 173 556 232 Perna
569 174 805 232 THEOPLASTO
821 174 998 245 SALUTEM.
1037 174 1101 240 131

83 331 242 385 venerunt
275 342 401 403 namque
424 343 514 386 unam
533 325 672 386 feminam
691 324 727 385 de
746 323 900 384 affectibus
919 326 991 406 suis,
1014 343 1102 404 mam

84 413 164 474 forte
192 413 355 492 Vargorum
383 407 454 498 (hoc
481 416 561 475 enim
588 415 708 474 nomine
735 414 890 492 indigenas
919 412 1102 475 latrunculos

83 496 275 586 nuncupant)
308 511 503 582 superventus
533 501 729 583 abstraxerat,
760 504 819 562 isto
847 502 1005 562 deductam
1033 509 1102 564 ante

84 591 201 671 aliquot
227 608 320 652 annos
346 593 472 671 isticque
499 592 671 653 distractam
700 608 768 652 cum
795 608 855 651 non
886 589 960 651 falso
988 590 1100 652 indicio

85 681 313 763 comperissent,
336 682 426 742 certis
450 681 570 760 quidem
593 682 687 759 siguis
710 680 762 741 sed
785 696 846 740 non
866 678 1038 740 recentibus
1055 682 1101 741 in·
1128 696 1141 738 5

87 771 238 848 quisivere
261 771 403 849 vestigiis.
440 769 469 832 2.
492 776 580 849 atque
604 769 702 830 obiter
722 768 796 829 haee
820 768 924 829 eadem
945 767 1102 852 laboriosa,

85 860 263 937 priusquam
284 858 316 918 hi
339 858 486 940 adessent,
507 860 540 918 in
562 860 756 936 negotiatoris
779 859 874 917 nostri
896 857 984 918 domo
1007 858 1102 919 domi-

85 948 195 1026 nioque
214 946 312 1026 palam
329 965 400 1009 sane
415 948 592 1009 venumdata
610 946 790 1027 defungitur,
809 946 936 1025 quodam
950 946 1101 1009 Prudente

88 1028 156 1116 (boc
184 1037 249 1096 viro
276 1030 414 1120 nomen),
446 1054 535 1116 quem
566 1054 646 1097 nuno
674 1035 860 1096 Tricassibus
888 1035 996 1115 degere
1024 1036 1102 1098 lama

89 1123 226 1204 divulgat,
244 1127 413 1204 ignotorum
431 1124 518 1186 nobis
536 1124 690 1186 hominum
704 1123 888 1185 collaudante
903 1131 1101 1208 contractum3
1116 1141 1144 1182 ro

91 1215 171 1273 cuius
204 1213 384 1293 subscriptio
416 1217 495 1275 intra
526 1213 684 1276 formulam
718 1212 919 1274 nundinarum
950 1220 1101 1293 tamquam

91 1301 186 1362 idonei
209 1301 430 1381 adstipulatoris
449 1302 625 1364 ostenditur.
658 1304 817 1363 auctoritas
836 1320 990 1382 personae,
1014 1320 1101 1382 opor-

93 1393 197 1452 tunitas
220 1393 406 1470 praesentiae
428 1399 497 1453 tuae
520 1393 599 1452 inter
617 1410 717 1453 coram
739 1392 853 1470 positos
876 1390 962 1451 facile
980 1389 1101 1472 valebit,

96 1480 116 1537 si
130 1478 311 1561 dignabitur,
330 1483 439 1540 seriem
457 1482 549 1541 totius
569 1481 710 1559 indagare
728 1479 895 1560 violentiae,
915 1497 1000 1561 quae,
1019 1480 1099 1558 quod
1158 1536 1160 1542 .

97 1570 203 1643 gravium
222 1575 277 1649 est,
296 1586 331 1629 eo
345 1569 485 1631 facinoris
500 1572 634 1651 accessit,
653 1575 796 1648 quantum
813 1570 993 1648 portitorum
1012 1569 1099 1630 datur
1113 1585 1141 1627 15

97 1671 175 1718 nosse
200 1664 380 1739 memoratu,
406 1664 441 1720 ut
466 1660 556 1719 etiam
583 1657 688 1718 inille
711 1657 867 1719 latrocinio
891 1657 1039 1736 quendam
1062 1657 1100 1718 de

98 1759 209 1807 numero
237 1748 368 1807 viantum
396 1754 513 1808 constet
538 1749 709 1808 extinctum.
761 1743 789 1807 3.
819 1746 871 1806 sed
900 1748 969 1825 quia
996 1747 1100 1808 iudicii

100 1837 177 1896 vestri
202 1835 381 1897 medicinam
413 1842 556 1915 expetunt
588 1835 831 1916 civilitatemque,
864 1837 916 1914 qui
947 1836 1100 1914 negotium

101 1923 238 1985 criminale
261 1927 446 2006 parturiunt,
473 1931 651 2006 vestrarum,
678 1924 802 1985 sibene
827 1927 947 2006 metior,
969 1927 1100 2004 partium

101 2013 196 2084 pariter
214 2020 245 2074 et
262 2031 380 2074 morum
399 2021 453 2094 est,
472 2012 569 2092 aliqua
587 2013 720 2074 indemni
739 2015 952 2092 compositione
971 2016 1098 2075 istorum
1112 2031 1139 2071 ao

104 2093 190 2182 dolori,
212 2101 333 2163 illorum
355 2102 488 2182 periculo
513 2102 669 2163 subvenire
689 2109 718 2164 et
736 2102 864 2180 quodam
883 2101 1010 2163 salubris
1030 2121 1098 2163 sen-

103 2187 193 2251 tentiae
216 2197 450 2270 temperamento
477 2191 553 2252 hanc
575 2198 691 2270 partem
713 2193 812 2252 minus
836 2191 987 2271 afflictam,
1015 2190 1096 2251 illam

104 2275 183 2339 minus
210 2298 293 2341 ream
320 2287 350 2340 et
377 2287 534 2359 utramque
557 2280 624 2360 plus
648 2280 746 2340 lacere
770 2298 918 2362 securam,
946 2298 983 2339 ne
1007 2281 1098 2358 iurgii

105 2367 192 2453 sotus,
219 2375 254 2430 ut
276 2387 343 2429 sese
371 2369 429 2430 fert
455 2371 600 2449 temporis
627 2368 744 2447 locique
768 2368 906 2449 qualitas,
933 2367 1022 2428 talem
1046 2368 1097 2428 de-

106 2456 205 2518 scendat
236 2457 273 2518 ad
303 2460 480 2540 terminum,
517 2458 602 2537 quale
634 2460 733 2537 coepit
762 2457 872 2518 habere
904 2459 1093 2537 principium.
1109 2473 1136 2514 ns

105 2552 198 2607 memor
220 2549 316 2608 nostri
339 2565 404 2608 esse
428 2547 564 2628 dignare,
588 2547 706 2607 domine
729 2564 812 2625 papa.

570 2789 610 2856 V.

137 2907 295 2968 SIDONIUS
313 2910 458 2967 DOMINO
477 2910 596 2965 PAPAE
614 2910 853 2967 THEOPLASTO
873 2911 1051 2971 SALUTEM.

157 3023 278 3087 Causam
301 3043 397 3085 meam
419 3027 557 3085 nesciens
580 3025 649 3103 agit,
673 3026 724 3102 qui
747 3024 858 3084 advos
882 3044 964 3085 ame
983 3026 1097 3088 litteras

108 3119 194 3195 ltmt3
217 3132 295 3196 nam,
320 3114 390 3174 dum
412 3115 503 3174 votivi
525 3112 599 3173 mihi
621 3114 655 3172 fit
673 3112 793 3191 gerulus
813 3121 977 3191 oportunus
997 3117 1097 3198 officii,

161 3324 172 3371 1
189 3322 377 3389 pervenerunt
394 3320 475 3388 Fili
494 3336 648 3388 vargonum
669 3323 745 3387 (num
764 3321 796 3373 irc
812 3337 867 3375 ras.
883 3320 989 3389 M')M,
1006 3337 1094 3388 vago-

109 3392 154 3438 fflm
173 3391 205 3456 P,
231 3391 279 3446 vel
302 3407 458 3460 vargonum
479 3408 500 3446 s.
521 3393 537 3446 l.
557 3393 621 3446 add.
642 3391 679 3445 T²
710 3392 719 3459 ΙΙ
752 3393 784 3442 12
810 3390 1014 3460 astipulatione
1039 3391 1062 3445 0
1086 3392 1101 3463 ll

110 3451 258 3530 liquantes
279 3463 458 3532 Gustafssoa,
476 3461 598 3516 civilitas
616 3463 693 3519 codd.
719 3463 726 3533 l
750 3461 911 3518 descendat
927 3464 955 3519 V
978 3468 1005 3517 et
1023 3465 1114 3528 tems.

109 3535 133 3575 *π
146 3526 260 3589 discedat
274 3535 382 3602 MUM,
401 3533 551 3590 discendat
569 3536 604 3609 L,
626 3535 763 3594 discedat
784 3536 867 3609 UTll

930 3626 970 3679 (γε
