2392 3854
89 167 154 233 236
463 168 571 223 LIBER
589 168 720 224 NONUS.

209 330 243 380 35
268 318 403 379 subditos
427 320 507 378 senis
531 318 657 397 pedihus
680 320 775 378 rotavi

393 414 536 468 commate
560 407 639 468 hino.

272 548 358 609 Nunc
380 567 435 628 per
457 549 590 610 undenas
614 551 746 628 equitare
772 556 873 610 suetus

272 637 397 717 syllabas
421 637 479 699 lusi
502 636 581 698 celer
604 645 690 717 atque
714 644 810 698 metro

271 726 417 805 Sapphico
442 726 547 787 creber
570 729 679 808 cecini,
702 729 792 787 citato

211 825 245 874 4ο
393 834 480 876 rarus
504 815 610 876 iamho.

272 954 333 1016 Nec
357 957 510 1017 recordari
533 975 622 1038 quem
646 965 754 1036 quanta
778 957 923 1037 quondam

274 1047 449 1124 scripserim
471 1049 567 1126 primo
591 1048 707 1107 iuvenis
730 1045 842 1129 calore3

273 1135 352 1196 unde
375 1154 445 1215 pars
468 1136 562 1197 maior
585 1138 699 1196 utinam
721 1138 815 1196 taceri

392 1227 489 1304 possit
511 1232 541 1284 et
563 1223 645 1285 abdi!

212 1378 246 1428 45
269 1365 344 1426 Nam
368 1368 530 1427 senectutis
553 1369 692 1446 propiore
715 1373 795 1427 meta

273 1455 414 1535 quicquid
438 1457 580 1515 extremis
604 1458 751 1516 sociamur
774 1458 888 1536 anniS„

272 1544 339 1624 plus
362 1544 467 1625 pudet,
491 1545 517 1604 si
540 1545 611 1624 quid
634 1544 697 1604 leve
721 1544 792 1606 lusit
815 1553 908 1628 aetas,

393 1651 472 1694 nunc
495 1651 655 1694 reminisci

275 1775 359 1846 Quod
381 1775 614 1855 perhorrescens
637 1775 673 1835 ad
697 1776 892 1854 epistularum

213 1877 247 1925 50
270 1863 409 1924 transtuli
431 1863 543 1924 cultum
567 1883 659 1943 genus
684 1883 770 1926 omne
794 1884 894 1947 curae,

273 1970 311 2013 ne
335 1971 405 2012 reus
429 1960 517 2013 cantu
539 1953 736 2031 petulantiore

394 2043 450 2100 sim
474 2059 543 2101 reus
567 2050 647 2124 actu3

274 2173 339 2244 Neu
361 2190 450 2262 puter
473 2183 547 2243 solvi
570 2203 624 2263 per
647 2202 769 2244 amoena
793 2185 884 2266 dicta,

274 2272 392 2332 schema
416 2273 442 2330 si
466 2273 575 2334 chartis
599 2273 793 2352 phalerasque
817 2276 950 2356 iungam,

213 2373 249 2423 55
273 2360 376 2421 clerici
397 2377 435 2419 ne
460 2362 530 2440 quid
554 2361 682 2422 maculet
706 2363 837 2440 rigorem

392 2449 470 2510 fama
492 2458 604 2530 poetae.

273 2591 406 2672 Denique
431 2592 467 2653 ad
491 2592 615 2672 quodvis
640 2595 819 2672 epigramma
842 2594 962 2673 posthac

273 2700 333 2742 non
356 2682 434 2742 ferar
456 2700 581 2761 pronus,
605 2688 768 2760 teneroque
791 2690 887 2743 metro

273 2771 320 2831 vel
343 2773 425 2850 gravi
447 2770 561 2831 nullum
584 2772 643 2831 cito
666 2788 755 2849 cogar
778 2771 885 2832 exhinc

212 2872 247 2921 60
393 2877 531 2939 promere
554 2877 688 2919 carmen:

274 3000 504 3062 Persecutorum
525 3003 586 3060 nisi
610 3003 798 3079 quaestiones

274 3089 398 3151 forsitan
422 3090 517 3150 dicam
541 3090 722 3168 meritosque
743 3089 857 3150 caelum

275 3186 420 3259 martyras
443 3179 548 3238 mortis
571 3179 667 3256 pretio
691 3196 812 3256 parasse

394 3267 525 3347 praemia
548 3268 633 3325 vitae.

162 3476 189 3514 v.
203 3461 238 3510 44
256 3414 353 3526 posiet
371 3455 549 3525 Luetp'ohonc
571 3457 580 3524 ss
602 3471 627 3508 v.
642 3458 677 3507 49
696 3451 755 3508 iem
778 3456 853 3523 quod
872 3456 1006 3510 horrescer

85 3548 109 3587 r.
126 3535 163 3588 63
180 3547 219 3588 no
238 3545 309 3589 corr.
330 3528 362 3585 io
381 3543 439 3583 nen
457 3525 516 3596 M¹‚
532 3541 586 3581 nec
603 3541 674 3580 corr.
689 3525 724 3579 tu
740 3543 797 3580 neu
818 3529 884 3598 Μ
