2414 3864
395 99 504 154 LIBER
521 99 653 156 NONUS.

154 257 333 328 resonetque
355 251 466 311 mixtus
490 248 539 309 ilie
562 267 616 327 pes
640 247 830 330 celerrimus,

153 337 230 400 bene
254 345 441 417 nuncupatus
465 337 613 417 quondam
636 337 672 398 ab
696 343 759 398 arte
782 335 927 419 pyrricha,

153 427 219 488 loco
242 427 384 488 locandus
406 427 614 506 undecumque
637 429 669 487 in
692 425 812 508 ultim03

97 531 131 579 10
155 517 299 596 spondam
317 518 440 577 daturus
463 522 494 576 et
516 515 642 576 subinde
665 516 766 596 versui
772 562 781 595 ,

153 606 242 666 modo
265 608 297 666 in
319 607 419 684 priore
442 612 540 686 parte,
563 622 642 665 nunc
666 606 698 663 in
722 606 832 664 extima

155 701 343 776 anapaestus,
366 696 431 773 ipse
455 711 632 773 quamquam
657 700 686 753 et
709 691 876 754 absolutius

155 786 378 863 pronuntietur,
402 801 470 843 cum
493 789 595 843 secuta
617 783 706 842 tertia

156 874 289 950 geminae
312 870 454 950 brevique
478 870 564 950 longa
587 870 728 931 adhaeret
751 869 871 950 syllaba.

99 1008 132 1056 15
201 995 281 1066 Quae
305 1002 471 1074 temperare
493 997 543 1055 vix
565 993 641 1055 valet
664 997 819 1073 gregarius

155 1091 256 1165 poeta,
279 1091 312 1145 ut
335 1086 399 1163 ipse
423 1087 521 1145 cernis
545 1102 611 1144 esse
635 1083 773 1165 Sollium3

156 1173 230 1233 mihi
252 1180 359 1251 pecten
383 1180 462 1233 errat
484 1191 541 1233 nee
563 1191 617 1252 per
640 1190 691 1232 ora
715 1191 843 1234 concava

155 1280 227 1340 vaga
250 1261 350 1340 lingua
374 1253 709 1340 flexum'eompetenter
733 1260 862 1341 explicat

156 1368 237 1430 epos
279 1350 332 1410 sed
355 1350 435 1410 istud
458 1352 555 1429 aptius
577 1352 725 1428 paraverit

98 1453 133 1501 20
156 1439 231 1519 Leo,
253 1438 362 1499 Leonis
386 1445 436 1499 aut
459 1444 578 1499 secutus
602 1437 713 1498 orbitas

156 1536 244 1589 cantu
268 1530 300 1588 in
322 1527 440 1607 Latino,
464 1546 531 1588 eum
554 1529 637 1606 prior
660 1530 699 1587 sit
721 1527 819 1589 Attico

157 1617 384 1678 Consentiorum
409 1618 462 1695 qui
484 1622 635 1695 superstes
659 1623 705 1676 est
726 1620 820 1699 patri,

157 1706 230 1786 tide,
253 1724 337 1787 voce,
359 1707 465 1765 metris
489 1704 524 1765 ad
547 1704 658 1765 fluenta
680 1705 786 1784 Pegasi

157 1797 302 1855 cecinisse
326 1795 423 1855 dictus
448 1793 623 1854 omniforme
647 1796 810 1875 canticum,

98 1896 132 1944 25
157 1886 353 1962 quotiensque
376 1883 466 1943 verba
489 1882 576 1943 Graia
599 1884 821 1964 carminaverit,

157 1974 290 2032 tenuisse
314 1972 391 2032 celsa
415 1975 533 2032 iunctus
557 1979 636 2032 astra
659 1971 788 2032 Pindaro

155 2067 345 2139 montemque
368 2062 463 2121 victor
485 2063 545 2121 isse
568 2078 623 2139 per
645 2060 818 2121 biverticem

156 2149 246 2210 nullis
270 2148 419 2210 secundus
442 2152 521 2210 inter
545 2155 628 2209 antra
650 2148 799 2228 Delphica.

157 2246 187 2299 at
210 2245 335 2317 uterque
358 2245 457 2298 vatum
482 2241 508 2298 si
530 2237 610 2317 lyrae
633 2241 768 2316 poeticae

94 2342 129 2390 30
152 2327 268 2388 Latiare
293 2345 412 2388 carmen
436 2334 516 2406 aptet
539 2327 650 2406 absque
673 2326 794 2406 Dorico,

156 2417 305 2477 Venusina
311 2463 320 2497 ,
342 2414 460 2496 Flacce,
483 2415 595 2495 plectra
619 2418 737 2494 ineptus
762 2434 868 2477 exeras

156 2506 331 2585 Iapygisque
354 2523 444 2565 verna
467 2523 578 2584 cygnus
601 2504 698 2565 Aufidi

156 2594 277 2655 Atacem
299 2602 402 2655 tonare
425 2612 493 2654 cum
517 2595 579 2653 suis
603 2592 735 2654 oloribus

157 2702 230 2744 cana
253 2690 283 2743 et
306 2700 414 2743 canora
437 2682 511 2742 eolla
534 2685 629 2742 victus
653 2685 794 2761 ingemas.

99 2821 134 2870 35
202 2806 263 2867 Nec
287 2809 343 2867 ista
367 2805 426 2866 sola
452 2813 521 2866 sunt
543 2808 639 2885 perita
662 2814 796 2887 pectora,

156 2896 227 2957 lieet
250 2902 279 2955 et
301 2897 407 2975 peritis
430 2895 503 2955 baec
525 2897 667 2974 peritiora
692 2898 765 2956 sint:

95 3047 121 3085 r.
138 3035 170 3084 17
196 3029 266 3084 mihi
291 3032 393 3099 pecten
412 3033 489 3084 erret
506 3031 696 3099 Luetjobeoo,
723 3029 763 3083 mi
786 3028 818 3083 in
841 3031 911 3099 peeb‘

23 3106 105 3169 (corr.
123 3102 156 3156 iot
174 3104 250 3155 errat
268 3102 362 3171 P¹)P,
385 3100 426 3154 mi
443 3101 474 3155 in
497 3100 609 3171 pectine
628 3104 703 3155 errat
721 3100 772 3170 (mi
789 3101 800 3154 i
819 3104 851 3156 ie
868 3121 904 3157 ra

24 3181 51 3231 et
72 3175 105 3228 in
126 3190 211 3244 marg.
231 3174 295 3228 add.
319 3172 359 3225 mi
378 3172 425 3240 M,
454 3172 525 3226 mihi
544 3175 610 3241 (hoc
627 3175 659 3227 in
682 3178 750 3226 extr.
769 3173 901 3241 o.16)ir

24 3247 101 3301 erret
119 3245 191 3314 (erat
209 3243 318 3312 FpPF
330 3248 339 3314 11
353 3261 377 3298 r.
394 3249 428 3298 25
448 3243 652 3298 carminaverat
672 3243 696 3298 0
714 3245 724 3311 d
746 3260 772 3297 r.
787 3247 821 3296 28
840 3244 898 3298 nuli

22 3319 108 3371 antro
125 3315 311 3384 Imetjobano,
330 3317 407 3368 astra
425 3317 501 3370 codd.
516 3318 525 3385 d
539 3334 565 3369 v.
580 3321 613 3369 29
634 3317 664 3366 at
682 3316 777 3384 outpo,
797 3317 847 3369 aut
867 3315 891 3371 0

23 3395 50 3444 et
71 3405 140 3443 corr.
164 3402 198 3442 ece
221 3387 271 3440 aue
289 3386 335 3438 Μ1
363 3388 371 3452 ΙΙ
399 3404 424 3439 v.
439 3392 473 3439 33
497 3391 597 3440 ataeen
615 3385 687 3453 MP,
717 3389 821 3456 stegen
842 3387 883 3455 F,

15 3464 52 3528 (1
68 3461 120 3517 etc
140 3474 210 3516 erac.
228 3455 323 3530 0901
339 3473 440 3514 sonare
460 3457 541 3526 Leott
