2414 3864
149 119 193 184 34
493 116 603 171 nmen
622 116 818 172 succubus,

148 272 226 330 natis
258 270 387 348 excipiet
419 275 449 328 te
482 267 700 348 deversorium,
733 269 803 346 quia
833 268 956 327 minime
985 273 1149 346 aestuosum,

147 361 275 419 maxime
295 359 448 418 aestivum.
481 374 550 417 nam
568 374 623 436 per
641 356 706 438 hoc,
725 356 805 435 quod
823 357 855 415 in
872 354 1050 434 Aquilonem
1069 355 1150 416 solum

147 449 283 529 patescit,
300 447 390 507 habet
408 445 498 527 diem,
516 463 575 505 non
590 445 679 506 habet
693 444 795 526 solem,
813 447 971 505 interiecto
986 446 1151 506 consistorio

146 543 340 617 perangusto,
371 535 424 597 ubi
456 534 672 595 somnulentiae
702 533 956 595 cubiculariorum
986 533 1153 595 dormitandi

121 629 247 705 spotius
271 643 358 704 mam
383 624 551 685 dormiendi
572 623 656 684 locus
679 630 733 684 est.
773 618 823 685 14„
846 622 895 683 hic
918 625 980 683 iam
1002 641 1092 702 quam
1112 640 1151 682 vo

147 714 216 794 lupe
241 714 363 775 auribus
387 716 526 774 insonare
550 713 666 773 cicadas
685 712 810 773 meridie
830 719 1056 794 concrepantes,
1078 729 1154 773 ranas
1195 764 1197 791 ,

147 802 324 883 crepuscrdo
352 802 542 863 incumbente
571 801 765 883 blaterantes,
792 818 902 880 cygnos
930 808 1020 880 atque
1045 818 1155 863 anseres

148 891 292 953 concubia
310 898 396 952 nocte
412 890 590 972 clangentes,
608 894 786 970 intempesta
801 889 892 969 gallos
906 888 1082 968 gallinacios
1096 907 1154 952 con·

147 984 292 1062 cinentes,
315 983 432 1041 oscines
457 998 561 1041 corvos
579 999 651 1040 voce
669 977 818 1058 triplicata
835 980 995 1059 puniceam
1013 980 1156 1059 surgentis

107 1089 133 1128 ιο
147 1070 279 1131 Aurorae
307 1069 401 1130 facem
430 1068 663 1149 consalutanteS,
691 1066 820 1129 diluculo
848 1075 948 1129 autem
970 1067 1156 1130 Philomelam

147 1161 227 1220 inter
259 1160 381 1219 frutices
413 1157 594 1239 sibilantem,
625 1157 763 1236 Prognen
792 1159 872 1218 inter
903 1175 1022 1218 asseres
1051 1160 1155 1218 minur-

146 1246 287 1310 rientem!
325 1250 374 1308 cui
397 1249 556 1308 concentui
579 1245 681 1307 licebit
704 1246 846 1324 adiungas
869 1245 985 1307 fistulae
1010 1247 1155 1326 septiforis

147 1337 340 1399 armentalem
368 1336 540 1417 Camenam,
572 1354 660 1415 quam
693 1353 780 1415 saepe
812 1335 968 1395 nocturnis
998 1338 1155 1397 carminum

146 1425 360 1488 certaminibus
379 1428 531 1486 insomnes
550 1432 721 1485 nostrorum
739 1427 885 1485 montium
899 1423 995 1502 Tityri
1014 1430 1156 1503 exercent,

106 1531 133 1572 15
146 1518 225 1576 inter
257 1533 362 1594 greges
394 1513 589 1575 tinnibulatos
621 1532 676 1593 per
709 1513 829 1592 depasta
861 1512 966 1573 buceta
995 1512 1154 1575 reboantes.

146 1623 221 1683 quae
253 1613 353 1664 tamen
385 1606 465 1664 varia
497 1621 602 1664 vocum
635 1610 834 1681 cantuumque
864 1601 1069 1663 modulamina
1096 1619 1154 1682 pro-

146 1693 266 1753 fundius
290 1691 472 1753 confovendo
496 1695 597 1771 sopori
619 1699 670 1753 tuo
694 1689 950 1752 lenocinabuntur.
995 1687 1046 1753 15.
1072 1692 1155 1772 porti·

147 1781 230 1842 cibus
255 1799 385 1861 egresso,
409 1784 436 1841 si
458 1788 576 1860 portum
600 1780 697 1841 litoris
715 1789 809 1861 petas,
831 1782 863 1840 im
883 1797 952 1840 area
970 1782 1083 1841 virenti
1101 1777 1154 1840 vul·

146 1888 215 1948 gare
245 1888 422 1948 quamquam
450 1888 510 1930 non
537 1869 642 1949 procul
669 1887 788 1930 nemus:
816 1872 952 1948 ingentes
980 1868 1064 1930 tiliae
1088 1869 1154 1930 duae

104 1976 132 2016 so
146 1961 267 2019 conexis
290 1958 459 2039 frondibus,
483 1958 636 2020 fomitibus
659 1958 807 2019 abiunctis
830 1975 920 2019 unam
942 1956 1081 2019 umbram
1104 1973 1155 2018 non

146 2065 204 2108 una
228 2047 328 2108 radice
352 2049 520 2109 conficiunt.
566 2051 598 2108 in
621 2049 706 2108 cuius
730 2048 889 2128 opacitate,
913 2064 980 2107 cum
1004 2065 1053 2108 me
1077 2063 1155 2121 meus

144 2136 284 2198 Ecdicius
303 2136 451 2218 inlustrat,
474 2136 551 2217 pilae
570 2154 717 2216 vacamus,
741 2135 793 2196 sed
812 2135 869 2196 hoc
888 2153 923 2196 eo
942 2153 1048 2218 usque,
1069 2137 1155 2197 donec

144 2225 286 2287 arborum
305 2228 401 2305 imago
422 2227 602 2287 contractior
625 2227 703 2285 intra
722 2227 852 2305 spatium
870 2242 1021 2285 ramorum
1040 2240 1155 2287 recussa

145 2315 319 2376 cohibeatur
347 2322 434 2394 atque
463 2314 524 2376 illic
548 2315 722 2375 aleatorium
744 2312 831 2374 lassis
855 2321 1032 2393 consumpto
1057 2314 1156 2394 sphae-

104 2422 130 2462 2⁵
145 2406 264 2465 risterio
295 2404 392 2465 faciat.
436 2402 486 2465 16.
515 2403 567 2464 sed
591 2405 660 2482 quia
687 2402 755 2484 tibi,
785 2405 863 2463 sicut
886 2402 1055 2464 aedificium
1080 2402 1157 2482 solvi,

145 2495 188 2552 sic
215 2492 313 2554 lacum
340 2492 448 2573 debeo,
479 2493 557 2571 quod
586 2499 679 2553 restat
706 2509 840 2570 agnosce.
886 2490 969 2552 lacus
991 2493 1024 2552 in
1046 2491 1158 2554 Eurum

144 2581 259 2642 defluus
283 2589 370 2663 meat,
394 2585 518 2660 eiusque
541 2580 661 2641 harenis
684 2579 876 2641 fundamenta
900 2581 1047 2659 impressa
1066 2581 1158 2642 domi-

144 2669 206 2731 cilii
224 2673 321 2731 ventis
340 2669 522 2731 motantibus
541 2676 679 2730 aestuans
698 2675 829 2730 umectat
847 2667 962 2729 alluvie.
992 2671 1020 2729 is
1040 2670 1159 2748 quidem

144 2777 214 2820 sane
235 2761 315 2820 circa
333 2761 480 2839 principia
500 2761 547 2819 sui
566 2759 629 2818 solo
643 2758 768 2837 palustri
783 2760 975 2837 voraginosus
990 2766 1021 2819 et
1035 2760 1161 2838 vestigio

102 2865 130 2904 ac
144 2849 323 2926 inspectoris
355 2847 519 2908 inadibilis:
549 2850 593 2908 ita
625 2847 688 2907 limi
720 2845 815 2907 bibuli
841 2846 991 2926 pinguedo
1020 2847 1163 2909 coalescit

143 2935 342 2997 ambientibus
361 2955 427 2997 sese
447 2937 579 2997 fontibus
599 2935 712 3014 algidiS,
730 2934 869 2996 litoribus
884 2934 1000 3014 algosis.
1029 2944 1162 2998 attamen

142 3023 240 3104 pelagi
258 3024 376 3086 mobilis
395 3043 516 3105 campus
535 3025 682 3086 cumbulis
706 3024 763 3084 late
779 3032 897 3085 secatur
910 3024 1162 3108 pervagabilibus,

214 3270 231 3320 3
250 3267 284 3321 de
309 3267 475 3323 consistorio
496 3269 520 3324 0
542 3272 552 3338 ll
579 3271 595 3320 5
615 3273 678 3338 post
700 3265 802 3336 volupe
826 3267 889 3322 add.
913 3283 934 3322 c.
954 3266 971 3322 l.
995 3269 1040 3321 est
1058 3267 1164 3338 ΜΨ,

140 3337 227 3408 volup
253 3338 297 3392 esi
316 3339 497 3410 Fatpelbrecbt
511 3343 520 3411 ΙΙ
535 3346 566 3393 11
586 3355 722 3408 prognem
742 3336 799 3393 Lo
809 3341 818 3406 l
832 3342 866 3391 23
885 3337 980 3408 imago
1003 3343 1078 3408 ⁸125
1099 3340 1118 3396 l.
1137 3358 1163 3397 o.

141 3409 257 3551 32pr
271 3415 306 3465 24
324 3408 404 3464 illinc
427 3412 609 3468 Wilamowits
622 3414 632 3481 l
647 3415 680 3464 30
700 3415 764 3480 post
781 3407 928 3464 inadibilis
951 3426 971 3465 s.
992 3409 1009 3465 l.
1029 3411 1096 3466 add.
1118 3415 1165 3467 est
