2414 3864
488 175 702 231 PRAEFATIO.
1040 176 1104 230 XIX

84 329 213 407 propius
245 325 375 406 accedit,
405 327 445 385 ita
477 324 608 386 scribere
639 343 728 385 ausus
760 343 834 385 sum.
863 360 904 367 —
933 325 974 385 lb.
998 325 1105 405 Engel·

84 416 218 476 brechtii
241 416 442 474 coniecturam
466 410 499 498 (l.
519 414 536 474 l.
556 433 583 493 p.
606 407 661 498 13)
685 432 772 490 pnem
791 432 851 475 non
871 419 950 488 aelio,
974 421 1008 474 ut
1027 433 1101 494 quae

85 524 122 565 ex
147 504 286 565 codicum
315 505 462 582 scriptura
490 503 606 564 facilius
635 503 703 564 elici
730 505 826 582 possit
854 497 1002 586 (vellimus
1025 506 1056 563 in
1079 502 1102 563 L

85 603 133 654 est
162 612 208 672 ep.
229 592 282 672 Ill,
300 591 335 673 4,
354 586 404 675 2),
436 591 634 672 Lnetjohanni
664 592 865 652 emendationi
894 610 980 667 quem
1011 596 1104 653 nolles

85 682 226 761 praetuli.
247 716 289 724 -
307 678 384 742 luti
408 685 498 743 elatis
516 699 576 741 non
595 684 626 741 in
646 685 754 755 enatis,
778 681 857 760 quod
875 679 1103 759 Engelbrechtio

85 770 194 851 placet,
217 770 391 830 mutandum
415 778 470 830 est.
512 770 586 831 Nam
610 770 720 849 singuli
744 770 884 849 deinceps
907 770 1016 849 gradus
1040 769 1103 829 osii-

85 863 204 920 ciorum
235 858 433 938 exequialium
465 867 691 940 enumerantur,
723 861 837 938 primns
865 858 997 939 eluendi,
1030 858 1104 919 alter

85 948 245 1029 vestiendi,
273 950 380 1008 tertius
402 948 557 1031 2humandi.
581 981 623 990 -
647 948 688 1008 lh.
708 945 728 1008 9
757 948 793 1008 de
818 952 1055 1024 spectatissimas
1077 967 1102 1008 v.

85 1037 225 1116 Engelhr.
246 1037 263 1097 l.
283 1036 301 1096 l.
320 1056 348 1116 p.
366 1035 403 1117 4,
426 1039 478 1116 qui
501 1045 581 1098 recte
605 1044 706 1098 monet
728 1037 807 1098 hunc
831 1036 1043 1116 superlativum
1066 1037 1101 1098 ad

87 1126 268 1187 adiectirum
290 1127 465 1203 spectabilis
492 1127 682 1187 referendum
710 1126 811 1186 videri.
836 1159 878 1168 —
902 1125 954 1206 ΙΙΙ,
973 1125 1003 1206 5,
1022 1124 1042 1188 2
1066 1127 1103 1187 de

85 1220 183 1292 ipsias
207 1235 232 1274 v.
252 1233 296 1294 ep.
316 1214 338 1295 Ι,
353 1211 384 1294 9,
399 1213 427 1276 7.
447 1248 488 1257 -
508 1215 556 1296 ΙΠ,
577 1214 638 1296 7,1
664 1219 776 1291 ecquid
795 1233 997 1290 numquamne
1016 1217 1102 1275 resti-

84 1308 145 1385 tni;
170 1304 206 1364 cl.
225 1303 363 1381 Engelbr.
384 1303 401 1363 l.
421 1303 438 1363 l.
459 1323 486 1382 p.
506 1300 535 1365 5.
555 1339 597 1346 —
621 1303 662 1365 lh.
682 1301 703 1366 3
725 1323 758 1364 se
775 1310 843 1382 post
862 1307 959 1379 episse
977 1305 1102 1385 retinui;

85 1394 122 1453 cl.
141 1392 281 1471 Engelhr.
300 1392 318 1453 l.
338 1391 356 1461 l.
376 1411 403 1471 p.
421 1390 463 1453 10
486 1400 516 1453 et
539 1393 653 1472 Zumpt.
673 1393 708 1452 ad
728 1392 787 1453 Cic.
808 1392 844 1453 de
863 1392 910 1451 off.
930 1391 965 1472 ll,
984 1390 1036 1474 22,
1051 1391 1101 1454 78.

86 1517 129 1525 -
154 1481 195 1542 lb.
215 1481 237 1542 4
258 1480 481 1560 Lnetjohannus
504 1500 661 1561 perperam
685 1483 819 1561 scripsit:
842 1500 930 1557 mape
954 1482 1103 1556 differant

85 1588 179 1646 paam
203 1575 387 1646 relinquunt,
411 1589 478 1630 cum
502 1575 677 1647 relinquant
699 1569 837 1630 omnibus
860 1570 923 1631 fere
948 1570 1101 1631 codicibus

84 1659 228 1720 traditum
254 1662 301 1740 sit,
327 1659 504 1720 indicativus
528 1658 617 1719 nullo.
662 1658 705 1720 lle
733 1660 789 1719 hoc
813 1661 1000 1720 coniunctim
1024 1660 1102 1738 apud

84 1753 185 1828 ipsum
214 1748 368 1808 Sidonium
401 1755 431 1808 et
463 1766 626 1827 aequaevos
659 1751 821 1828 scriptores
852 1750 923 1809 satis
952 1748 1101 1827 frequenti

84 1833 137 1921 (ci.
158 1839 248 1898 etiam
266 1837 355 1898 Hilar.
375 1843 411 1897 tr.
432 1855 454 1897 s.
468 1855 512 1916 ps.
532 1856 560 1916 p.
575 1834 649 1918 537,
663 1835 707 1898 22
727 1842 796 1914 plns
815 1841 992 1913 sipnisteant
1009 1855 1100 1913 qaam

85 1934 201 2002 apant;
233 1924 272 1986 ib.
296 1945 323 2005 p.
344 1924 425 2006 605,
446 1924 501 2007 163
534 1925 644 1986 Novell.
668 1926 812 1986 Theodos.
836 1924 966 2004 XllV,2
999 1930 1102 1987 lanias

83 2033 178 2091 paam
206 2008 358 2098 oporteat)
387 2017 451 2094 ipse
480 2014 602 2076 uberius
631 2017 754 2094 exposui
782 2018 814 2075 in
837 2013 994 2075 Woelfflin.
1014 2014 1099 2075 Arch.

83 2104 134 2184 Vl,
153 2101 233 2184 4183
262 2104 297 2163 cl.
318 2106 407 2164 etiam
429 2103 567 2182 Engelhr.
587 2104 604 2164 ΙΙ
625 2104 642 2164 Ι.
667 2124 694 2184 p.
715 2101 743 2165 6.
768 2139 810 2146 —
834 2104 875 2164 lh.
904 2107 1001 2165 corda
1030 2102 1099 2164 sub-

83 2197 196 2254 iectum
226 2195 372 2253 enuntiati
401 2199 460 2273 est,
492 2201 526 2254 ut
553 2193 585 2254 E.
610 2192 715 2272 Grupii
744 2196 913 2254 coniectura
942 2196 973 2252 in
1002 2196 1099 2254 eorda

83 2301 144 2343 non
160 2300 308 2360 egeamus
324 2317 365 2324 —
384 2282 432 2363 ΙΙΙ,
447 2280 477 2363 8,
494 2281 510 2344 1
531 2301 634 2343 omnes
653 2281 724 2343 libri
741 2283 814 2343 haec
829 2280 951 2341 habent:
971 2298 1100 2342 veneror

84 2375 235 2451 antiquos,
246 2389 306 2432 non
316 2378 416 2432 tamen
427 2375 480 2446 ita,
490 2379 524 2432 nt
533 2377 587 2448 pai
595 2390 818 2446 aequaevorum
829 2388 962 2432 meorum
972 2372 1099 2431 uirtutes

83 2468 138 2522 ant
153 2463 264 2520 merita
274 2469 462 2536 postponam.
485 2460 519 2520 ln
534 2461 642 2539 quibus
653 2478 721 2521 cum
730 2459 822 2521 Leoni
838 2464 881 2520 ita
891 2462 988 2533 ntpni
996 2457 1099 2538 displi-

83 2555 176 2628 ceret,
190 2552 234 2608 ita
248 2557 283 2609 at
295 2553 400 2624 utique
410 2548 600 2610 scribendum
615 2567 681 2609 esse
691 2551 816 2630 censuit,
832 2546 911 2628 quod
921 2545 1099 2625 Luetjohan-

83 2656 142 2699 nus
156 2635 367 2715 comprobavit.
400 2637 458 2698 Sed
473 2637 549 2716 fugit
564 2657 632 2699 eum
644 2637 797 2698 Sidonium
813 2640 911 2716 ipsum
926 2654 971 2714 ep.
981 2635 1030 2716 ΙΙΙ,
1039 2632 1098 2717 9,5

83 2725 231 2788 scrihere:
255 2729 337 2802 qnod
358 2731 455 2802 mapis
470 2726 549 2802 fero,
574 2731 617 2788 ita
636 2735 744 2801 tamen,
767 2735 802 2788 at
819 2730 873 2803 qni
891 2729 995 2786 dicere
1014 2729 1097 2800 ipno-

82 2833 162 2888 rem,
191 2832 252 2875 non
275 2822 306 2876 et
331 2819 459 2887 andire;
488 2818 653 2895 comparari
681 2817 770 2876 etiam
797 2821 896 2894 potest
919 2814 1027 2893 Symm.
1052 2832 1097 2893 ep.

82 2904 104 2985 Ι,
125 2902 166 2965 77
194 2897 236 2986 (p.
256 2900 313 2984 33,
334 2897 430 2988 128.)
456 2905 656 2967 Sabinianum
676 2908 813 2965 ....ita
836 2903 1037 2984 mapnisncio,
1064 2913 1099 2964 nt

83 3011 158 3069 qnos
182 2995 418 3073 maximenon,
447 2992 528 3054 Caes.
549 2993 584 3055 de
608 2992 675 3054 bell.
694 2992 766 3053 Gall.
786 2993 817 3074 V,
838 2990 879 3055 31
904 2996 1007 3069 prima
1030 2998 1099 3054 lnce

82 3087 128 3143 sia
153 3101 193 3142 en
217 3084 329 3143 castris
347 3086 597 3158 proficiscantur,
621 3091 655 3144 nt
677 3085 786 3157 quibas
807 3090 883 3144 esset
902 3100 1097 3158 persuasam.

89 3173 126 3232 tn
147 3171 204 3231 hoc
228 3168 293 3229 loco
316 3187 376 3231 non
400 3173 621 3232 consecutivum
645 3171 697 3232 sed
717 3170 925 3232 correlativum
949 3188 1014 3231 esse
1038 3172 1097 3230 iam

83 3258 331 3338 Engelbrechtius
356 3254 387 3342 (Ι.
407 3259 425 3320 Ι.
444 3279 472 3339 p.
495 3253 551 3343 10)
574 3262 734 3339 perspexit.
777 3259 858 3330 Quae
881 3278 949 3320 cum
968 3261 1009 3319 ita
1028 3261 1097 3340 sint,

83 3367 120 3410 ne
140 3347 268 3409 Geisleri
292 3349 412 3427 quidem
437 3350 606 3410 coniectura
630 3368 690 3411 non
714 3357 822 3430 tamen,
846 3354 888 3411 ita
912 3356 947 3409 nt
965 3351 1101 3423 qnidam,

180 3444 360 3514 postponam
392 3432 470 3521 (coll.
493 3436 566 3499 Plin.
588 3457 633 3522 ep.
653 3437 705 3524 Vl,
723 3435 783 3525 21,
800 3432 841 3528 il
873 3457 953 3522 opus
985 3443 1046 3498 est.
1071 3468 1118 3478 —

79 3528 172 3602 Magis
207 3523 317 3583 alendi
343 3544 436 3603 posse
473 3528 572 3593 fateor
612 3534 643 3596 in
685 3533 882 3600 abundantia
920 3529 1150 3610 nepaiionum,

933 3635 982 3692 *Ὀ*
