<?xml version="1.0" encoding="UTF-8"?>
<!DOCTYPE html PUBLIC "-//W3C//DTD XHTML 1.0 Transitional//EN"
    "http://www.w3.org/TR/xhtml1/DTD/xhtml1-transitional.dtd">
<html xmlns="http://www.w3.org/1999/xhtml" xml:lang="en" lang="en">
 <head>
  <title>
</title>
<meta http-equiv="Content-Type" content="text/html;charset=utf-8" />
  <meta name='ocr-system' content='tesseract 3.04.00' />
  <meta name='ocr-capabilities' content='ocr_page ocr_carea ocr_par ocr_line ocrx_word'/>
</head>
<body>
  <div class='ocr_page' id='page_1' title='image "./csolliusapollin00apolgoog_0300.png"; bbox 0 0 2414 3864; ppageno 0'>
   <div class='ocr_carea' id='block_1_1' title="bbox 444 171 647 228">
    <p class='ocr_par' dir='ltr' id='par_1_1' title="bbox 444 171 647 228">
     <span class='ocr_line' id='line_1_1' title="bbox 444 171 647 228; baseline 0 0"><span class='ocrx_word' id='word_1_1' title='bbox 444 171 596 228; x_wconf 69' lang='lat' dir='ltr'><strong>cinnum</strong></span> <span class='ocrx_word' id='word_1_2' title='bbox 613 171 647 228; x_wconf 91' lang='lat' dir='ltr'><strong>H.</strong></span> 
     </span>
    </p>
   </div>
   <div class='ocr_carea' id='block_1_2' title="bbox 72 320 1082 2800">
    <p class='ocr_par' dir='ltr' id='par_1_2' title="bbox 72 320 1003 757">
     <span class='ocr_line' id='line_1_2' title="bbox 72 320 874 401; baseline 0.005 -22"><span class='ocrx_word' id='word_1_3' title='bbox 72 330 103 379; x_wconf 81' lang='lat'><strong>5</strong></span> <span class='ocrx_word' id='word_1_4' title='bbox 124 328 159 381; x_wconf 94' lang='lat' dir='ltr'><strong>ut</strong></span> <span class='ocrx_word' id='word_1_5' title='bbox 183 320 275 400; x_wconf 84' lang='lat' dir='ltr'><strong>galeis</strong></span> <span class='ocrx_word' id='word_1_6' title='bbox 299 320 418 382; x_wconf 84' lang='lat' dir='ltr'><strong>cedant:</strong></span> <span class='ocrx_word' id='word_1_7' title='bbox 443 324 486 382; x_wconf 89' lang='lat' dir='ltr'><strong>sic</strong></span> <span class='ocrx_word' id='word_1_8' title='bbox 508 329 631 401; x_wconf 92' lang='lat' dir='ltr'><strong>propter</strong></span> <span class='ocrx_word' id='word_1_9' title='bbox 653 321 766 401; x_wconf 90' lang='lat' dir='ltr'><strong>proelia</strong></span> <span class='ocrx_word' id='word_1_10' title='bbox 789 331 874 384; x_wconf 91' lang='lat' dir='ltr'><strong>natos</strong></span> 
     </span>
     <span class='ocr_line' id='line_1_3' title="bbox 125 410 928 491; baseline 0.002 -21"><span class='ocrx_word' id='word_1_11' title='bbox 125 417 280 470; x_wconf 87' lang='lat' dir='ltr'><strong>maternus</strong></span> <span class='ocrx_word' id='word_1_12' title='bbox 304 410 450 471; x_wconf 82' lang='lat' dir='ltr'><strong>deformat</strong></span> <span class='ocrx_word' id='word_1_13' title='bbox 472 429 564 491; x_wconf 88' lang='lat' dir='ltr'><strong>amor,</strong></span> <span class='ocrx_word' id='word_1_14' title='bbox 588 413 655 490; x_wconf 89' lang='lat' dir='ltr'><strong>quia</strong></span> <span class='ocrx_word' id='word_1_15' title='bbox 678 418 762 472; x_wconf 83' lang='lat' dir='ltr'><strong>tensa</strong></span> <span class='ocrx_word' id='word_1_16' title='bbox 786 430 928 491; x_wconf 84' lang='lat' dir='ltr'><strong>genarum</strong></span> 
     </span>
     <span class='ocr_line' id='line_1_4' title="bbox 126 499 730 560; baseline 0.002 -1"><span class='ocrx_word' id='word_1_17' title='bbox 126 517 186 559; x_wconf 90' lang='lat' dir='ltr'><strong>non</strong></span> <span class='ocrx_word' id='word_1_18' title='bbox 211 500 368 560; x_wconf 87' lang='lat' dir='ltr'><strong>interiecto</strong></span> <span class='ocrx_word' id='word_1_19' title='bbox 392 500 426 560; x_wconf 88' lang='lat' dir='ltr'><strong>fit</strong></span> <span class='ocrx_word' id='word_1_20' title='bbox 449 499 535 560; x_wconf 88' lang='lat' dir='ltr'><strong>latior</strong></span> <span class='ocrx_word' id='word_1_21' title='bbox 558 518 627 560; x_wconf 89' lang='lat' dir='ltr'><strong>area</strong></span> <span class='ocrx_word' id='word_1_22' title='bbox 650 518 730 560; x_wconf 81' lang='lat' dir='ltr'><strong>naso.</strong></span> 
     </span>
     <span class='ocr_line' id='line_1_5' title="bbox 127 587 1003 672; baseline 0.003 -24"><span class='ocrx_word' id='word_1_23' title='bbox 127 594 227 649; x_wconf 89' lang='lat' dir='ltr'><strong>cetera</strong></span> <span class='ocrx_word' id='word_1_24' title='bbox 250 605 319 667; x_wconf 90' lang='lat' dir='ltr'><strong>pars</strong></span> <span class='ocrx_word' id='word_1_25' title='bbox 344 595 390 648; x_wconf 91' lang='lat' dir='ltr'><strong>est</strong></span> <span class='ocrx_word' id='word_1_26' title='bbox 412 587 535 667; x_wconf 89' lang='lat' dir='ltr'><strong>pulchra</strong></span> <span class='ocrx_word' id='word_1_27' title='bbox 557 591 644 649; x_wconf 86' lang='lat' dir='ltr'><strong>viris:</strong></span> <span class='ocrx_word' id='word_1_28' title='bbox 668 596 748 649; x_wconf 86' lang='lat' dir='ltr'><strong>stant</strong></span> <span class='ocrx_word' id='word_1_29' title='bbox 769 596 890 668; x_wconf 81' lang='lat' dir='ltr'>pectora</span> <span class='ocrx_word' id='word_1_30' title='bbox 913 598 1003 672; x_wconf 91' lang='lat' dir='ltr'><strong>vasta,</strong></span> 
     </span>
     <span class='ocr_line' id='line_1_6' title="bbox 126 676 869 757; baseline 0.003 -20"><span class='ocrx_word' id='word_1_31' title='bbox 126 678 260 756; x_wconf 84' lang='lat' dir='ltr'><strong>insignes</strong></span> <span class='ocrx_word' id='word_1_32' title='bbox 283 679 389 757; x_wconf 90' lang='lat' dir='ltr'><strong>umeri,</strong></span> <span class='ocrx_word' id='word_1_33' title='bbox 413 679 564 738; x_wconf 86' lang='lat' dir='ltr'><strong>succincta</strong></span> <span class='ocrx_word' id='word_1_34' title='bbox 588 677 642 738; x_wconf 93' lang='lat' dir='ltr'><strong>sub</strong></span> <span class='ocrx_word' id='word_1_35' title='bbox 666 676 755 738; x_wconf 92' lang='lat' dir='ltr'><strong>ilibus</strong></span> <span class='ocrx_word' id='word_1_36' title='bbox 779 677 869 739; x_wconf 81' lang='lat' dir='ltr'><strong>alvus.</strong></span> 
     </span>
    </p>

    <p class='ocr_par' dir='ltr' id='par_1_3' title="bbox 72 765 1017 1202">
     <span class='ocr_line' id='line_1_7' title="bbox 72 765 1012 849; baseline 0.004 -26"><span class='ocrx_word' id='word_1_37' title='bbox 72 773 108 823; x_wconf 85' lang='grc' dir='ltr'>ο</span> <span class='ocrx_word' id='word_1_38' title='bbox 126 766 221 826; x_wconf 85' lang='lat' dir='ltr'><strong>forma</strong></span> <span class='ocrx_word' id='word_1_39' title='bbox 245 765 365 845; x_wconf 90' lang='lat' dir='ltr'><strong>quidem</strong></span> <span class='ocrx_word' id='word_1_40' title='bbox 386 766 481 845; x_wconf 85' lang='lat' dir='ltr'><strong>pediti</strong></span> <span class='ocrx_word' id='word_1_41' title='bbox 502 766 600 826; x_wconf 89' lang='lat' dir='ltr'><strong>media</strong></span> <span class='ocrx_word' id='word_1_42' title='bbox 623 774 677 848; x_wconf 85' lang='lat' dir='ltr'><strong>est,</strong></span> <span class='ocrx_word' id='word_1_43' title='bbox 699 785 824 846; x_wconf 90' lang='lat' dir='ltr'><strong>procera</strong></span> <span class='ocrx_word' id='word_1_44' title='bbox 847 767 899 828; x_wconf 89' lang='lat' dir='ltr'><strong>sed</strong></span> <span class='ocrx_word' id='word_1_45' title='bbox 923 774 1012 849; x_wconf 83' lang='lat' dir='ltr'><strong>extat,</strong></span> 
     </span>
     <span class='ocr_line' id='line_1_8' title="bbox 126 855 890 938; baseline 0.004 -24"><span class='ocrx_word' id='word_1_46' title='bbox 126 857 152 914; x_wconf 90' lang='lat' dir='ltr'><strong>si</strong></span> <span class='ocrx_word' id='word_1_47' title='bbox 175 873 282 915; x_wconf 86' lang='lat' dir='ltr'><strong>cernas</strong></span> <span class='ocrx_word' id='word_1_48' title='bbox 305 856 435 933; x_wconf 85' lang='lat' dir='ltr'><strong>equites:</strong></span> <span class='ocrx_word' id='word_1_49' title='bbox 459 857 501 915; x_wconf 91' lang='lat' dir='ltr'><strong>sic</strong></span> <span class='ocrx_word' id='word_1_50' title='bbox 525 855 605 934; x_wconf 83' lang='lat' dir='ltr'><strong>longi</strong></span> <span class='ocrx_word' id='word_1_51' title='bbox 629 874 716 934; x_wconf 83' lang='lat' dir='ltr'><strong>saepe</strong></span> <span class='ocrx_word' id='word_1_52' title='bbox 739 863 890 938; x_wconf 90' lang='lat' dir='ltr'><strong>putantur,</strong></span> 
     </span>
     <span class='ocr_line' id='line_1_9' title="bbox 126 943 989 1027; baseline 0.005 -24"><span class='ocrx_word' id='word_1_53' title='bbox 126 946 152 1003; x_wconf 90' lang='lat' dir='ltr'><strong>si</strong></span> <span class='ocrx_word' id='word_1_54' title='bbox 176 943 308 1004; x_wconf 86' lang='lat' dir='ltr'><strong>sedeant.</strong></span> <span class='ocrx_word' id='word_1_55' title='bbox 353 945 402 1004; x_wconf 81' lang='lat' dir='ltr'><strong>vix</strong></span> <span class='ocrx_word' id='word_1_56' title='bbox 424 950 518 1004; x_wconf 88' lang='lat' dir='ltr'><strong>matre</strong></span> <span class='ocrx_word' id='word_1_57' title='bbox 543 962 647 1004; x_wconf 91' lang='lat' dir='ltr'><strong>carens</strong></span> <span class='ocrx_word' id='word_1_58' title='bbox 671 953 704 1005; x_wconf 93' lang='lat' dir='ltr'><strong>ut</strong></span> <span class='ocrx_word' id='word_1_59' title='bbox 726 946 860 1005; x_wconf 89' lang='lat' dir='ltr'><strong>constitit</strong></span> <span class='ocrx_word' id='word_1_60' title='bbox 882 947 989 1027; x_wconf 87' lang='lat' dir='ltr'><strong>inians,</strong></span> 
     </span>
     <span class='ocr_line' id='line_1_10' title="bbox 125 1031 897 1114; baseline 0.003 -22"><span class='ocrx_word' id='word_1_61' title='bbox 125 1051 194 1092; x_wconf 82' lang='lat' dir='ltr'><strong>mox</strong></span> <span class='ocrx_word' id='word_1_62' title='bbox 217 1031 341 1112; x_wconf 91' lang='lat' dir='ltr'><strong>praebet</strong></span> <span class='ocrx_word' id='word_1_63' title='bbox 364 1032 486 1093; x_wconf 91' lang='lat' dir='ltr'><strong>dorsum</strong></span> <span class='ocrx_word' id='word_1_64' title='bbox 510 1035 642 1114; x_wconf 83' lang='lat' dir='ltr'><strong>sonipes3</strong></span> <span class='ocrx_word' id='word_1_65' title='bbox 667 1042 790 1112; x_wconf 79' lang='lat' dir='ltr'><strong>cognata</strong></span> <span class='ocrx_word' id='word_1_66' title='bbox 813 1052 897 1094; x_wconf 89' lang='lat' dir='ltr'><strong>reare</strong></span> 
     </span>
     <span class='ocr_line' id='line_1_11' title="bbox 125 1120 1017 1202; baseline 0.003 -21"><span class='ocrx_word' id='word_1_67' title='bbox 125 1120 259 1182; x_wconf 89' lang='lat' dir='ltr'><strong>membra</strong></span> <span class='ocrx_word' id='word_1_68' title='bbox 282 1123 368 1181; x_wconf 91' lang='lat' dir='ltr'><strong>viris:</strong></span> <span class='ocrx_word' id='word_1_69' title='bbox 391 1123 432 1182; x_wconf 89' lang='lat' dir='ltr'><strong>ita</strong></span> <span class='ocrx_word' id='word_1_70' title='bbox 456 1139 573 1200; x_wconf 85' lang='lat' dir='ltr'><strong>semper</strong></span> <span class='ocrx_word' id='word_1_71' title='bbox 596 1140 673 1202; x_wconf 95' lang='lat' dir='ltr'><strong>equo</strong></span> <span class='ocrx_word' id='word_1_72' title='bbox 697 1141 752 1183; x_wconf 92' lang='lat' dir='ltr'><strong>ceu</strong></span> <span class='ocrx_word' id='word_1_73' title='bbox 776 1123 852 1183; x_wconf 85' lang='lat' dir='ltr'><strong>fixus</strong></span> <span class='ocrx_word' id='word_1_74' title='bbox 876 1123 1017 1184; x_wconf 81' lang='lat' dir='ltr'><strong>adhaeret</strong></span> 
     </span>
    </p>

    <p class='ocr_par' dir='ltr' id='par_1_4' title="bbox 78 1209 936 1645">
     <span class='ocr_line' id='line_1_12' title="bbox 78 1209 902 1292; baseline 0.005 -25"><span class='ocrx_word' id='word_1_75' title='bbox 78 1217 106 1267; x_wconf 75' lang='grc' dir='ltr'>ὅ</span> <span class='ocrx_word' id='word_1_76' title='bbox 125 1217 238 1290; x_wconf 83' lang='lat' dir='ltr'><strong>rector3</strong></span> <span class='ocrx_word' id='word_1_77' title='bbox 262 1209 456 1289; x_wconf 81' lang='lat' dir='ltr'><strong>cornipedum</strong></span> <span class='ocrx_word' id='word_1_78' title='bbox 478 1217 562 1289; x_wconf 88' lang='lat' dir='ltr'><strong>tergo</strong></span> <span class='ocrx_word' id='word_1_79' title='bbox 587 1229 659 1290; x_wconf 84' lang='lat' dir='ltr'><strong>gens</strong></span> <span class='ocrx_word' id='word_1_80' title='bbox 683 1211 774 1271; x_wconf 89' lang='lat' dir='ltr'><strong>altera</strong></span> <span class='ocrx_word' id='word_1_81' title='bbox 797 1212 902 1292; x_wconf 86' lang='lat' dir='ltr'><strong>fertur,</strong></span> 
     </span>
     <span class='ocr_line' id='line_1_13' title="bbox 126 1297 913 1380; baseline 0 -21"><span class='ocrx_word' id='word_1_82' title='bbox 126 1299 199 1359; x_wconf 87' lang='lat' dir='ltr'><strong>baec</strong></span> <span class='ocrx_word' id='word_1_83' title='bbox 222 1297 343 1360; x_wconf 84' lang='lat' dir='ltr'><strong>habital.</strong></span> <span class='ocrx_word' id='word_1_84' title='bbox 388 1306 498 1360; x_wconf 83' lang='lat' dir='ltr'><strong>teretes</strong></span> <span class='ocrx_word' id='word_1_85' title='bbox 522 1318 608 1360; x_wconf 91' lang='lat' dir='ltr'><strong>arcus</strong></span> <span class='ocrx_word' id='word_1_86' title='bbox 633 1306 662 1360; x_wconf 98' lang='lat' dir='ltr'><strong>et</strong></span> <span class='ocrx_word' id='word_1_87' title='bbox 685 1299 798 1378; x_wconf 89' lang='lat' dir='ltr'><strong>spicula</strong></span> <span class='ocrx_word' id='word_1_88' title='bbox 821 1300 913 1380; x_wconf 88' lang='lat' dir='ltr'><strong>cordi,</strong></span> 
     </span>
     <span class='ocr_line' id='line_1_14' title="bbox 125 1387 936 1468; baseline 0.001 -20"><span class='ocrx_word' id='word_1_89' title='bbox 125 1387 277 1448; x_wconf 87' lang='lat' dir='ltr'><strong>terribiles</strong></span> <span class='ocrx_word' id='word_1_90' title='bbox 300 1397 458 1467; x_wconf 81' lang='lat' dir='ltr'><strong>certaeque</strong></span> <span class='ocrx_word' id='word_1_91' title='bbox 481 1406 586 1449; x_wconf 89' lang='lat' dir='ltr'><strong>mauus</strong></span> <span class='ocrx_word' id='word_1_92' title='bbox 610 1388 773 1468; x_wconf 90' lang='lat' dir='ltr'><strong>iaculisque</strong></span> <span class='ocrx_word' id='word_1_93' title='bbox 797 1389 936 1449; x_wconf 86' lang='lat' dir='ltr'><strong>ferendae</strong></span> 
     </span>
     <span class='ocr_line' id='line_1_15' title="bbox 125 1476 873 1556; baseline 0.003 -20"><span class='ocrx_word' id='word_1_94' title='bbox 125 1478 231 1536; x_wconf 91' lang='lat' dir='ltr'><strong>mortis</strong></span> <span class='ocrx_word' id='word_1_95' title='bbox 254 1476 312 1537; x_wconf 84' lang='lat' dir='ltr'><strong>fixa</strong></span> <span class='ocrx_word' id='word_1_96' title='bbox 335 1476 409 1537; x_wconf 90' lang='lat' dir='ltr'><strong>fides</strong></span> <span class='ocrx_word' id='word_1_97' title='bbox 432 1484 462 1537; x_wconf 92' lang='lat' dir='ltr'><strong>et</strong></span> <span class='ocrx_word' id='word_1_98' title='bbox 485 1496 545 1537; x_wconf 89' lang='lat' dir='ltr'><strong>nou</strong></span> <span class='ocrx_word' id='word_1_99' title='bbox 567 1484 708 1556; x_wconf 88' lang='lat' dir='ltr'><strong>peccante</strong></span> <span class='ocrx_word' id='word_1_100' title='bbox 732 1477 787 1538; x_wconf 94' lang='lat' dir='ltr'><strong>sub</strong></span> <span class='ocrx_word' id='word_1_101' title='bbox 811 1480 873 1538; x_wconf 92' lang='lat' dir='ltr'><strong>ictu</strong></span> 
     </span>
     <span class='ocr_line' id='line_1_16' title="bbox 125 1565 854 1645; baseline 0.001 -20"><span class='ocrx_word' id='word_1_102' title='bbox 125 1565 249 1626; x_wconf 91' lang='lat' dir='ltr'><strong>edoctus</strong></span> <span class='ocrx_word' id='word_1_103' title='bbox 271 1583 396 1644; x_wconf 90' lang='lat' dir='ltr'><strong>peccare</strong></span> <span class='ocrx_word' id='word_1_104' title='bbox 420 1566 511 1627; x_wconf 88' lang='lat' dir='ltr'><strong>luror.</strong></span> <span class='ocrx_word' id='word_1_105' title='bbox 557 1584 629 1644; x_wconf 83' lang='lat' dir='ltr'><strong>gens</strong></span> <span class='ocrx_word' id='word_1_106' title='bbox 653 1569 709 1626; x_wconf 89' lang='lat' dir='ltr'><strong>ista</strong></span> <span class='ocrx_word' id='word_1_107' title='bbox 732 1573 854 1645; x_wconf 88' lang='lat' dir='ltr'><strong>repente</strong></span> 
     </span>
    </p>

    <p class='ocr_par' dir='ltr' id='par_1_5' title="bbox 72 1653 1020 2091">
     <span class='ocr_line' id='line_1_17' title="bbox 72 1653 1020 1734; baseline 0 -18"><span class='ocrx_word' id='word_1_108' title='bbox 72 1659 105 1716; x_wconf 84' lang='lat' dir='ltr'><strong>lo</strong></span> <span class='ocrx_word' id='word_1_109' title='bbox 124 1672 286 1732; x_wconf 90' lang='lat' dir='ltr'><strong>erumpens</strong></span> <span class='ocrx_word' id='word_1_110' title='bbox 310 1653 496 1734; x_wconf 91' lang='lat' dir='ltr'><strong>solidumque</strong></span> <span class='ocrx_word' id='word_1_111' title='bbox 520 1657 595 1715; x_wconf 90' lang='lat' dir='ltr'><strong>rotis</strong></span> <span class='ocrx_word' id='word_1_112' title='bbox 618 1662 785 1715; x_wconf 84' lang='lat' dir='ltr'><strong>transvecta</strong></span> <span class='ocrx_word' id='word_1_113' title='bbox 808 1673 862 1733; x_wconf 92' lang='lat' dir='ltr'><strong>per</strong></span> <span class='ocrx_word' id='word_1_114' title='bbox 884 1654 1020 1716; x_wconf 91' lang='lat' dir='ltr'><strong>Histrum</strong></span> 
     </span>
     <span class='ocr_line' id='line_1_18' title="bbox 125 1742 868 1823; baseline 0.003 -22"><span class='ocrx_word' id='word_1_115' title='bbox 125 1749 247 1804; x_wconf 88' lang='lat' dir='ltr'><strong>venerat</strong></span> <span class='ocrx_word' id='word_1_116' title='bbox 269 1750 299 1803; x_wconf 93' lang='lat' dir='ltr'><strong>et</strong></span> <span class='ocrx_word' id='word_1_117' title='bbox 323 1746 416 1803; x_wconf 90' lang='lat' dir='ltr'><strong>siccas</strong></span> <span class='ocrx_word' id='word_1_118' title='bbox 438 1743 584 1804; x_wconf 88' lang='lat' dir='ltr'><strong>inciderat</strong></span> <span class='ocrx_word' id='word_1_119' title='bbox 608 1742 703 1804; x_wconf 91' lang='lat' dir='ltr'><strong>orbita</strong></span> <span class='ocrx_word' id='word_1_120' title='bbox 726 1743 868 1823; x_wconf 75' lang='lat' dir='ltr'><strong>lymphas.</strong></span> 
     </span>
     <span class='ocr_line' id='line_1_19' title="bbox 124 1831 890 1912; baseline 0.001 -21"><span class='ocrx_word' id='word_1_121' title='bbox 124 1831 202 1892; x_wconf 87' lang='lat' dir='ltr'><strong>hano</strong></span> <span class='ocrx_word' id='word_1_122' title='bbox 225 1837 259 1892; x_wconf 92' lang='lat' dir='ltr'><strong>tu</strong></span> <span class='ocrx_word' id='word_1_123' title='bbox 282 1831 414 1892; x_wconf 89' lang='lat' dir='ltr'><strong>directus</strong></span> <span class='ocrx_word' id='word_1_124' title='bbox 436 1850 491 1911; x_wconf 88' lang='lat' dir='ltr'><strong>per</strong></span> <span class='ocrx_word' id='word_1_125' title='bbox 513 1831 618 1892; x_wconf 88' lang='lat' dir='ltr'><strong>Dacica</strong></span> <span class='ocrx_word' id='word_1_126' title='bbox 642 1851 712 1892; x_wconf 89' lang='lat' dir='ltr'><strong>rura</strong></span> <span class='ocrx_word' id='word_1_127' title='bbox 735 1840 890 1912; x_wconf 83' lang='lat' dir='ltr'><strong>vagantem</strong></span> 
     </span>
     <span class='ocr_line' id='line_1_20' title="bbox 124 1920 975 2002; baseline 0.002 -22"><span class='ocrx_word' id='word_1_128' title='bbox 124 1928 230 1981; x_wconf 88' lang='lat' dir='ltr'><strong>contra</strong></span> <span class='ocrx_word' id='word_1_129' title='bbox 253 1922 288 2001; x_wconf 89' lang='lat' dir='ltr'><strong>is,</strong></span> <span class='ocrx_word' id='word_1_130' title='bbox 312 1920 492 2001; x_wconf 69' lang='lat' dir='ltr'><strong>aggrederis</strong></span> <span class='ocrx_word' id='word_1_131' title='bbox 516 1939 648 2001; x_wconf 89' lang='lat' dir='ltr'><strong>superas,</strong></span> <span class='ocrx_word' id='word_1_132' title='bbox 671 1920 813 2002; x_wconf 82' lang='lat' dir='ltr'><strong>includis3</strong></span> <span class='ocrx_word' id='word_1_133' title='bbox 837 1929 867 1982; x_wconf 92' lang='lat' dir='ltr'><strong>et</strong></span> <span class='ocrx_word' id='word_1_134' title='bbox 890 1929 924 1982; x_wconf 90' lang='lat' dir='ltr'><strong>ut</strong></span> <span class='ocrx_word' id='word_1_135' title='bbox 945 1929 975 1982; x_wconf 91' lang='lat' dir='ltr'><strong>te</strong></span> 
     </span>
     <span class='ocr_line' id='line_1_21' title="bbox 123 2009 794 2091; baseline 0.003 -22"><span class='ocrx_word' id='word_1_136' title='bbox 123 2016 236 2070; x_wconf 88' lang='lat' dir='ltr'><strong>metato</strong></span> <span class='ocrx_word' id='word_1_137' title='bbox 260 2011 355 2089; x_wconf 85' lang='lat' dir='ltr'><strong>spatio</strong></span> <span class='ocrx_word' id='word_1_138' title='bbox 379 2017 544 2070; x_wconf 89' lang='lat' dir='ltr'><strong>castrorum</strong></span> <span class='ocrx_word' id='word_1_139' title='bbox 569 2009 690 2070; x_wconf 88' lang='lat' dir='ltr'><strong>Serdica</strong></span> <span class='ocrx_word' id='word_1_140' title='bbox 712 2010 794 2091; x_wconf 83' lang='lat' dir='ltr'><strong>vidit,</strong></span> 
     </span>
    </p>

    <p class='ocr_par' dir='ltr' id='par_1_6' title="bbox 72 2098 1082 2535">
     <span class='ocr_line' id='line_1_22' title="bbox 72 2098 944 2178; baseline 0.001 -20"><span class='ocrx_word' id='word_1_141' title='bbox 72 2107 103 2160; x_wconf 72' lang='lat' dir='ltr'><strong>io</strong></span> <span class='ocrx_word' id='word_1_142' title='bbox 125 2098 282 2160; x_wconf 88' lang='lat' dir='ltr'><strong>obsidione</strong></span> <span class='ocrx_word' id='word_1_143' title='bbox 306 2101 427 2177; x_wconf 89' lang='lat' dir='ltr'><strong>premis.</strong></span> <span class='ocrx_word' id='word_1_144' title='bbox 474 2117 549 2176; x_wconf 88' lang='lat' dir='ltr'><strong>quae</strong></span> <span class='ocrx_word' id='word_1_145' title='bbox 572 2104 602 2158; x_wconf 91' lang='lat' dir='ltr'><strong>te</strong></span> <span class='ocrx_word' id='word_1_146' title='bbox 626 2101 670 2159; x_wconf 88' lang='lat' dir='ltr'><strong>sic</strong></span> <span class='ocrx_word' id='word_1_147' title='bbox 693 2106 827 2178; x_wconf 88' lang='lat' dir='ltr'><strong>tempore</strong></span> <span class='ocrx_word' id='word_1_148' title='bbox 850 2099 944 2160; x_wconf 90' lang='lat' dir='ltr'><strong>multo</strong></span> 
     </span>
     <span class='ocr_line' id='line_1_23' title="bbox 123 2187 929 2267; baseline -0.001 -19"><span class='ocrx_word' id='word_1_149' title='bbox 123 2191 157 2248; x_wconf 91' lang='lat' dir='ltr'><strong>in</strong></span> <span class='ocrx_word' id='word_1_150' title='bbox 179 2187 254 2248; x_wconf 79' lang='lat' dir='ltr'><strong>uallo</strong></span> <span class='ocrx_word' id='word_1_151' title='bbox 277 2189 408 2266; x_wconf 90' lang='lat' dir='ltr'><strong>positum</strong></span> <span class='ocrx_word' id='word_1_152' title='bbox 432 2190 555 2267; x_wconf 85' lang='lat' dir='ltr'><strong>stupuit,</strong></span> <span class='ocrx_word' id='word_1_153' title='bbox 575 2187 653 2265; x_wconf 94' lang='lat' dir='ltr'><strong>quod</strong></span> <span class='ocrx_word' id='word_1_154' title='bbox 677 2187 763 2248; x_wconf 89' lang='lat' dir='ltr'><strong>miles</strong></span> <span class='ocrx_word' id='word_1_155' title='bbox 786 2190 818 2247; x_wconf 93' lang='lat' dir='ltr'><strong>in</strong></span> <span class='ocrx_word' id='word_1_156' title='bbox 842 2205 929 2264; x_wconf 83' lang='lat' dir='ltr'><strong>agros</strong></span> 
     </span>
     <span class='ocr_line' id='line_1_24' title="bbox 122 2275 805 2338; baseline -0.001 -1"><span class='ocrx_word' id='word_1_157' title='bbox 122 2295 181 2337; x_wconf 92' lang='lat' dir='ltr'><strong>nec</strong></span> <span class='ocrx_word' id='word_1_158' title='bbox 203 2276 294 2338; x_wconf 90' lang='lat' dir='ltr'><strong>licitis</strong></span> <span class='ocrx_word' id='word_1_159' title='bbox 317 2294 372 2336; x_wconf 92' lang='lat' dir='ltr'><strong>nec</strong></span> <span class='ocrx_word' id='word_1_160' title='bbox 396 2276 514 2336; x_wconf 86' lang='lat' dir='ltr'><strong>furtivis</strong></span> <span class='ocrx_word' id='word_1_161' title='bbox 538 2275 713 2337; x_wconf 83' lang='lat' dir='ltr'><strong>excursibus</strong></span> <span class='ocrx_word' id='word_1_162' title='bbox 737 2275 805 2336; x_wconf 91' lang='lat' dir='ltr'><strong>ibat.</strong></span> 
     </span>
     <span class='ocr_line' id='line_1_25' title="bbox 124 2363 1082 2447; baseline 0 -22"><span class='ocrx_word' id='word_1_163' title='bbox 124 2367 175 2426; x_wconf 91' lang='lat' dir='ltr'><strong>cui</strong></span> <span class='ocrx_word' id='word_1_164' title='bbox 198 2365 317 2426; x_wconf 89' lang='lat' dir='ltr'><strong>deesset</strong></span> <span class='ocrx_word' id='word_1_165' title='bbox 339 2383 407 2425; x_wconf 93' lang='lat' dir='ltr'><strong>cum</strong></span> <span class='ocrx_word' id='word_1_166' title='bbox 431 2383 519 2443; x_wconf 88' lang='lat' dir='ltr'><strong>saepe</strong></span> <span class='ocrx_word' id='word_1_167' title='bbox 543 2363 635 2424; x_wconf 86' lang='lat' dir='ltr'><strong>Ceres</strong></span> <span class='ocrx_word' id='word_1_168' title='bbox 659 2383 835 2444; x_wconf 86' lang='lat' dir='ltr'><strong>semperque</strong></span> <span class='ocrx_word' id='word_1_169' title='bbox 858 2364 981 2447; x_wconf 82' lang='lat' dir='ltr'><strong>Lyaeus,</strong></span> <span class='ocrx_word' id='word_1_170' title='bbox 1080 2417 1082 2425; x_wconf 73' lang='grc'>,</span> 
     </span>
     <span class='ocr_line' id='line_1_26' title="bbox 124 2453 900 2535; baseline -0.001 -21"><span class='ocrx_word' id='word_1_171' title='bbox 124 2453 283 2533; x_wconf 91' lang='lat' dir='ltr'><strong>disciplina</strong></span> <span class='ocrx_word' id='word_1_172' title='bbox 305 2460 405 2514; x_wconf 89' lang='lat' dir='ltr'><strong>tamen</strong></span> <span class='ocrx_word' id='word_1_173' title='bbox 427 2471 487 2514; x_wconf 91' lang='lat' dir='ltr'><strong>non</strong></span> <span class='ocrx_word' id='word_1_174' title='bbox 511 2453 618 2535; x_wconf 81' lang='lat' dir='ltr'><strong>deluit3</strong></span> <span class='ocrx_word' id='word_1_175' title='bbox 641 2454 710 2514; x_wconf 90' lang='lat' dir='ltr'><strong>inde</strong></span> <span class='ocrx_word' id='word_1_176' title='bbox 734 2456 900 2532; x_wconf 92' lang='lat' dir='ltr'><strong>propinquo</strong></span> 
     </span>
    </p>

    <p class='ocr_par' dir='ltr' id='par_1_7' title="bbox 72 2542 1052 2800">
     <span class='ocr_line' id='line_1_27' title="bbox 72 2542 1052 2626; baseline -0.001 -21"><span class='ocrx_word' id='word_1_177' title='bbox 72 2555 102 2607; x_wconf 82' lang='lat'><strong>30</strong></span> <span class='ocrx_word' id='word_1_178' title='bbox 122 2543 209 2603; x_wconf 91' lang='lat' dir='ltr'><strong>hoste</strong></span> <span class='ocrx_word' id='word_1_179' title='bbox 233 2545 327 2621; x_wconf 82' lang='lat' dir='ltr'><strong>magis</strong></span> <span class='ocrx_word' id='word_1_180' title='bbox 348 2545 477 2603; x_wconf 89' lang='lat' dir='ltr'><strong>timuere</strong></span> <span class='ocrx_word' id='word_1_181' title='bbox 501 2542 614 2603; x_wconf 89' lang='lat' dir='ltr'><strong>ducem.</strong></span> <span class='ocrx_word' id='word_1_182' title='bbox 653 2545 696 2603; x_wconf 88' lang='lat' dir='ltr'><strong>sic</strong></span> <span class='ocrx_word' id='word_1_183' title='bbox 719 2542 846 2621; x_wconf 89' lang='lat' dir='ltr'><strong>denique</strong></span> <span class='ocrx_word' id='word_1_184' title='bbox 865 2543 975 2603; x_wconf 85' lang='lat' dir='ltr'><strong>factum</strong></span> <span class='ocrx_word' id='word_1_185' title='bbox 994 2550 1052 2626; x_wconf 88' lang='lat' dir='ltr'><strong>est,</strong></span> 
     </span>
     <span class='ocr_line' id='line_1_28' title="bbox 121 2630 908 2713; baseline -0.003 -21"><span class='ocrx_word' id='word_1_186' title='bbox 121 2639 156 2692; x_wconf 88' lang='lat' dir='ltr'><strong>ut</strong></span> <span class='ocrx_word' id='word_1_187' title='bbox 180 2633 279 2693; x_wconf 91' lang='lat' dir='ltr'><strong>socius</strong></span> <span class='ocrx_word' id='word_1_188' title='bbox 301 2639 365 2692; x_wconf 92' lang='lat' dir='ltr'><strong>tum</strong></span> <span class='ocrx_word' id='word_1_189' title='bbox 389 2632 466 2692; x_wconf 84' lang='lat' dir='ltr'><strong>forte</strong></span> <span class='ocrx_word' id='word_1_190' title='bbox 488 2638 567 2712; x_wconf 87' lang='lat' dir='ltr'><strong>tuus,</strong></span> <span class='ocrx_word' id='word_1_191' title='bbox 590 2649 659 2691; x_wconf 87' lang='lat' dir='ltr'><strong>mox</strong></span> <span class='ocrx_word' id='word_1_192' title='bbox 681 2630 825 2713; x_wconf 84' lang='lat' dir='ltr'><strong>proditor,</strong></span> <span class='ocrx_word' id='word_1_193' title='bbox 848 2630 908 2690; x_wconf 91' lang='lat' dir='ltr'><strong>illis</strong></span> 
     </span>
     <span class='ocr_line' id='line_1_29' title="bbox 123 2721 951 2800; baseline -0.001 -19"><span class='ocrx_word' id='word_1_194' title='bbox 123 2721 236 2781; x_wconf 81' lang='lat' dir='ltr'><strong>frustra</strong></span> <span class='ocrx_word' id='word_1_195' title='bbox 257 2727 341 2799; x_wconf 88' lang='lat' dir='ltr'><strong>terga</strong></span> <span class='ocrx_word' id='word_1_196' title='bbox 364 2721 449 2781; x_wconf 88' lang='lat' dir='ltr'><strong>daret</strong></span> <span class='ocrx_word' id='word_1_197' title='bbox 472 2723 647 2781; x_wconf 94' lang='lat' dir='ltr'><strong>commissae</strong></span> <span class='ocrx_word' id='word_1_198' title='bbox 670 2726 803 2800; x_wconf 91' lang='lat' dir='ltr'><strong>tempore</strong></span> <span class='ocrx_word' id='word_1_199' title='bbox 827 2737 951 2799; x_wconf 84' lang='lat' dir='ltr'><strong>pugnae.</strong></span> 
     </span>
    </p>
   </div>
   <div class='ocr_carea' id='block_1_3' title="bbox 72 2809 969 3334">
    <p class='ocr_par' dir='ltr' id='par_1_8' title="bbox 124 2809 969 2978">
     <span class='ocr_line' id='line_1_30' title="bbox 124 2809 969 2892; baseline 0 -22"><span class='ocrx_word' id='word_1_200' title='bbox 124 2811 178 2889; x_wconf 91' lang='lat' dir='ltr'><strong>qui</strong></span> <span class='ocrx_word' id='word_1_201' title='bbox 200 2810 259 2870; x_wconf 89' lang='lat' dir='ltr'><strong>iam</strong></span> <span class='ocrx_word' id='word_1_202' title='bbox 282 2828 351 2870; x_wconf 91' lang='lat' dir='ltr'><strong>eum</strong></span> <span class='ocrx_word' id='word_1_203' title='bbox 373 2810 489 2888; x_wconf 83' lang='lat' dir='ltr'><strong>lugeret</strong></span> <span class='ocrx_word' id='word_1_204' title='bbox 511 2809 588 2869; x_wconf 83' lang='lat' dir='ltr'><strong>llexo</strong></span> <span class='ocrx_word' id='word_1_205' title='bbox 611 2809 686 2888; x_wconf 94' lang='lat' dir='ltr'><strong>pede</strong></span> <span class='ocrx_word' id='word_1_206' title='bbox 711 2827 821 2869; x_wconf 86' lang='lat' dir='ltr'><strong>cornua</strong></span> <span class='ocrx_word' id='word_1_207' title='bbox 844 2809 969 2892; x_wconf 89' lang='lat' dir='ltr'><strong>nudans,</strong></span> 
     </span>
     <span class='ocr_line' id='line_1_31' title="bbox 124 2897 797 2978; baseline -0.001 -19"><span class='ocrx_word' id='word_1_208' title='bbox 124 2906 158 2959; x_wconf 88' lang='lat' dir='ltr'><strong>iu</strong></span> <span class='ocrx_word' id='word_1_209' title='bbox 182 2898 280 2960; x_wconf 87' lang='lat' dir='ltr'><strong>stabas</strong></span> <span class='ocrx_word' id='word_1_210' title='bbox 303 2900 382 2960; x_wconf 89' lang='lat' dir='ltr'><strong>acies</strong></span> <span class='ocrx_word' id='word_1_211' title='bbox 406 2897 496 2978; x_wconf 90' lang='lat' dir='ltr'><strong>solus,</strong></span> <span class='ocrx_word' id='word_1_212' title='bbox 518 2904 549 2957; x_wconf 98' lang='lat' dir='ltr'><strong>te</strong></span> <span class='ocrx_word' id='word_1_213' title='bbox 573 2917 676 2978; x_wconf 91' lang='lat' dir='ltr'><strong>sparsa</strong></span> <span class='ocrx_word' id='word_1_214' title='bbox 699 2898 797 2977; x_wconf 79' lang='lat' dir='ltr'><strong>fugaci</strong></span> 
     </span>
    </p>

    <p class='ocr_par' dir='ltr' id='par_1_9' title="bbox 72 2986 904 3334">
     <span class='ocr_line' id='line_1_32' title="bbox 72 2986 853 3067; baseline -0.006 -16"><span class='ocrx_word' id='word_1_215' title='bbox 72 3000 103 3051; x_wconf 71' lang='lat'><strong>85</strong></span> <span class='ocrx_word' id='word_1_216' title='bbox 125 2989 248 3067; x_wconf 83' lang='lat' dir='ltr'><strong>expetiit</strong></span> <span class='ocrx_word' id='word_1_217' title='bbox 271 2987 393 3048; x_wconf 90' lang='lat' dir='ltr'><strong>ductore</strong></span> <span class='ocrx_word' id='word_1_218' title='bbox 417 3005 531 3067; x_wconf 89' lang='lat' dir='ltr'><strong>manus,</strong></span> <span class='ocrx_word' id='word_1_219' title='bbox 553 2994 583 3048; x_wconf 91' lang='lat' dir='ltr'><strong>te</strong></span> <span class='ocrx_word' id='word_1_220' title='bbox 606 2986 698 3048; x_wconf 87' lang='lat' dir='ltr'><strong>Marte</strong></span> <span class='ocrx_word' id='word_1_221' title='bbox 720 2986 853 3067; x_wconf 91' lang='lat' dir='ltr'><strong>pedestri</strong></span> 
     </span>
     <span class='ocr_line' id='line_1_33' title="bbox 124 3076 904 3156; baseline -0.001 -19"><span class='ocrx_word' id='word_1_222' title='bbox 124 3076 280 3138; x_wconf 88' lang='lat' dir='ltr'><strong>sudantem</strong></span> <span class='ocrx_word' id='word_1_223' title='bbox 302 3076 456 3156; x_wconf 89' lang='lat' dir='ltr'><strong>repetebat</strong></span> <span class='ocrx_word' id='word_1_224' title='bbox 478 3094 579 3156; x_wconf 86' lang='lat' dir='ltr'><strong>eques,</strong></span> <span class='ocrx_word' id='word_1_225' title='bbox 602 3083 653 3137; x_wconf 91' lang='lat' dir='ltr'><strong>tua</strong></span> <span class='ocrx_word' id='word_1_226' title='bbox 676 3078 760 3154; x_wconf 83' lang='lat' dir='ltr'><strong>signa</strong></span> <span class='ocrx_word' id='word_1_227' title='bbox 783 3083 904 3136; x_wconf 91' lang='lat' dir='ltr'><strong>secutus</strong></span> 
     </span>
     <span class='ocr_line' id='line_1_34' title="bbox 122 3163 834 3226; baseline 0 0"><span class='ocrx_word' id='word_1_228' title='bbox 122 3182 183 3226; x_wconf 92' lang='lat' dir='ltr'><strong>non</strong></span> <span class='ocrx_word' id='word_1_229' title='bbox 206 3183 239 3226; x_wconf 90' lang='lat' dir='ltr'><strong>se</strong></span> <span class='ocrx_word' id='word_1_230' title='bbox 263 3165 414 3226; x_wconf 91' lang='lat' dir='ltr'><strong>desertum</strong></span> <span class='ocrx_word' id='word_1_231' title='bbox 437 3167 531 3226; x_wconf 85' lang='lat' dir='ltr'><strong>sensit</strong></span> <span class='ocrx_word' id='word_1_232' title='bbox 554 3167 715 3226; x_wconf 88' lang='lat' dir='ltr'><strong>certamine</strong></span> <span class='ocrx_word' id='word_1_233' title='bbox 738 3163 834 3226; x_wconf 90' lang='lat' dir='ltr'><strong>miles.</strong></span> 
     </span>
     <span class='ocr_line' id='line_1_35' title="bbox 123 3253 834 3334; baseline -0.001 -20"><span class='ocrx_word' id='word_1_234' title='bbox 123 3257 134 3314; x_wconf 93' lang='lat' dir='ltr'><strong>i</strong></span> <span class='ocrx_word' id='word_1_235' title='bbox 157 3273 236 3316; x_wconf 89' lang='lat' dir='ltr'><strong>nunc</strong></span> <span class='ocrx_word' id='word_1_236' title='bbox 260 3262 290 3315; x_wconf 89' lang='lat' dir='ltr'><strong>et</strong></span> <span class='ocrx_word' id='word_1_237' title='bbox 311 3257 421 3315; x_wconf 88' lang='lat' dir='ltr'><strong>veteris</strong></span> <span class='ocrx_word' id='word_1_238' title='bbox 443 3255 545 3333; x_wconf 86' lang='lat' dir='ltr'><strong>profer</strong></span> <span class='ocrx_word' id='word_1_239' title='bbox 567 3256 724 3333; x_wconf 88' lang='lat' dir='ltr'><strong>praeconia</strong></span> <span class='ocrx_word' id='word_1_240' title='bbox 747 3253 834 3334; x_wconf 88' lang='lat' dir='ltr'><strong>Tulli,</strong></span> 
     </span>
    </p>
   </div>
   <div class='ocr_carea' id='block_1_4' title="bbox 72 3459 1078 3605">
    <p class='ocr_par' dir='ltr' id='par_1_10' title="bbox 72 3459 1078 3605">
     <span class='ocr_line' id='line_1_36' title="bbox 106 3459 1054 3531; baseline -0.002 -17"><span class='ocrx_word' id='word_1_241' title='bbox 106 3464 155 3514; x_wconf 75' lang='lat' dir='ltr'><strong>eu</strong></span> <span class='ocrx_word' id='word_1_242' title='bbox 180 3459 271 3514; x_wconf 81' lang='lat' dir='ltr'><strong>siccus</strong></span> <span class='ocrx_word' id='word_1_243' title='bbox 293 3476 356 3530; x_wconf 80' lang='lat' dir='ltr'><strong>eqo;</strong></span> <span class='ocrx_word' id='word_1_244' title='bbox 384 3462 476 3515; x_wconf 83' lang='lat' dir='ltr'><strong>sectas</strong></span> <span class='ocrx_word' id='word_1_245' title='bbox 496 3459 589 3531; x_wconf 79' lang='lat' dir='ltr'><strong>OPT,</strong></span> <span class='ocrx_word' id='word_1_246' title='bbox 618 3476 713 3516; x_wconf 81' lang='lat' dir='ltr'><strong>soccos</strong></span> <span class='ocrx_word' id='word_1_247' title='bbox 737 3466 768 3516; x_wconf 78' lang='lat' dir='ltr'><strong>ut</strong></span> <span class='ocrx_word' id='word_1_248' title='bbox 790 3461 847 3516; x_wconf 81' lang='lat' dir='ltr'><strong>oid.</strong></span> <span class='ocrx_word' id='word_1_249' title='bbox 865 3460 907 3526; x_wconf 78' lang='lat' dir='ltr'><strong>F3</strong></span> <span class='ocrx_word' id='word_1_250' title='bbox 933 3459 1054 3513; x_wconf 68' lang='lat' dir='ltr'><strong>strictus</strong></span> 
     </span>
     <span class='ocr_line' id='line_1_37' title="bbox 72 3528 1078 3605; baseline -0.004 -19"><span class='ocrx_word' id='word_1_251' title='bbox 72 3531 175 3603; x_wconf 66' lang='lat' dir='ltr'><strong>cubem,</strong></span> <span class='ocrx_word' id='word_1_252' title='bbox 188 3534 279 3586; x_wconf 75' lang='lat' dir='ltr'><strong>lecim</strong></span> <span class='ocrx_word' id='word_1_253' title='bbox 290 3531 441 3588; x_wconf 76' lang='lat' dir='ltr'><strong>Buecheler</strong></span> <span class='ocrx_word' id='word_1_254' title='bbox 455 3533 500 3604; x_wconf 86' lang='lat' dir='ltr'><strong>(ol.</strong></span> <span class='ocrx_word' id='word_1_255' title='bbox 517 3532 619 3592; x_wconf 74' lang='lat' dir='ltr'><strong>Glauci.</strong></span> <span class='ocrx_word' id='word_1_256' title='bbox 633 3551 656 3592; x_wconf 90' lang='lat' dir='ltr'><strong>c.</strong></span> <span class='ocrx_word' id='word_1_257' title='bbox 669 3537 758 3605; x_wconf 72' lang='lat'><strong>57,1;</strong></span> <span class='ocrx_word' id='word_1_258' title='bbox 778 3531 936 3605; x_wconf 50' lang='lat' dir='ltr'><strong>domitent</strong></span> <span class='ocrx_word' id='word_1_259' title='bbox 945 3528 1078 3599; x_wconf 58' lang='lat' dir='ltr'><strong>essentq</strong></span> 
     </span>
    </p>
   </div>
   <div class='ocr_carea' id='block_1_5' title="bbox 0 0 1212 3864">
    <p class='ocr_par' dir='ltr' id='par_1_11' title="bbox 0 0 1212 3864">
     <span class='ocr_line' id='line_1_38' title="bbox 0 0 1212 3864; baseline 0 0"><span class='ocrx_word' id='word_1_260' title='bbox 0 0 1212 3864; x_wconf 95' lang='lat' dir='ltr'><strong> </strong></span> 
     </span>
    </p>
   </div>
  </div>
 </body>
</html>
