2414 3864
383 143 535 200 CARMEN
553 143 652 200 XXIV.

171 298 299 358 coniunx
321 294 482 376 Papianilla
505 312 593 373 quem
616 292 724 372 pudico

171 405 256 447 curas
279 387 460 465 participans
482 385 562 443 iuvat
585 381 694 463 labore,

173 475 267 555 qualis
289 492 345 535 uec
368 471 511 551 Tanaquil
534 473 590 532 fuit
612 489 668 531 nec
690 469 749 550 illa,

117 577 154 624 40
174 583 261 643 quam
283 570 325 644 tn,
348 562 533 642 Tricipitine,
555 561 729 640 procreasti,

173 652 267 732 qualis
290 670 345 713 nec
368 651 511 730 Phrygiae
534 650 629 710 dicata
652 648 756 709 Vestae

174 760 247 821 quae
270 749 372 801 contra
396 742 468 800 satis
489 738 623 800 Albulam
645 744 809 798 tumentem

174 831 257 891 duxit
279 832 411 908 virgineo
435 837 529 889 ratem
553 826 667 907 capillo.

171 920 242 980 hinc
263 926 293 979 te
316 918 453 998 Laesora,
476 915 628 977 Caucason
651 915 826 994 Scytharum

118 1020 153 1068 45
172 1011 303 1089 vincens,
325 1009 450 1087 aspiciet
473 1009 609 1084 citusque
633 1005 748 1084 Tarnis,

173 1097 311 1158 limosum
334 1103 364 1157 et
386 1095 480 1156 solido
505 1112 610 1173 sapore
632 1110 770 1173 pressum

172 1189 285 1266 piscem
307 1187 464 1265 perspicua
487 1201 594 1263 gerens
617 1185 650 1243 in
671 1181 758 1241 unda.

171 1276 220 1335 hic
244 1275 308 1335 Zeti
330 1282 361 1335 et
383 1273 478 1335 Calais
501 1272 557 1333 tihi
580 1271 653 1332 adde
677 1288 790 1349 pennas

172 1363 398 1442 nimbosumque
421 1365 524 1441 iugum
547 1362 635 1440 fugax
659 1366 773 1439 caveto3

119 1465 154 1513 50
172 1470 299 1531 namque
322 1459 368 1513 est
391 1451 526 1513 assiduae
550 1451 632 1510 ferar
656 1447 815 1529 procellae3

174 1542 227 1602 sed
251 1542 384 1620 quamvis
408 1539 511 1620 rapido
535 1540 631 1599 ferare
655 1556 754 1618 cursu,

173 1629 283 1691 lassum
305 1639 335 1691 te
358 1629 541 1708 Vorocingus
565 1626 718 1688 obtinebit.

173 1726 309 1780 nostrum
331 1719 380 1779 hic
404 1720 538 1779 invenies
561 1714 769 1797 Apollinarem,

174 1826 227 1868 sen
250 1814 352 1868 contra
375 1807 471 1868 rabidi
494 1806 602 1866 Leonis
626 1811 725 1864 aestus

120 1908 155 1957 ts
173 1899 263 1957 vestit
286 1897 395 1975 frigore
419 1912 600 1955 marmorum
623 1899 755 1974 penates,

175 1987 235 2046 sive
259 1986 354 2046 hortis
378 1987 522 2064 spatiatur
544 1986 576 2043 in
599 1977 738 2063 repostis,

175 2075 276 2154 quales
298 2073 443 2134 mellifera
466 2076 564 2133 virent
586 2075 618 2133 in
640 2071 743 2152 Hybla,

175 2164 276 2242 quales
300 2163 457 2242 Corycium
481 2180 583 2222 senem
606 2161 728 2222 beantes

176 2252 308 2314 fuscabat
330 2254 408 2332 picei
430 2251 507 2312 later
531 2250 660 2332 Galaesi3

121 2353 156 2402 60
176 2344 236 2402 sive
260 2344 338 2402 inter
361 2341 462 2422 riolas,
484 2341 627 2420 thymum,
649 2338 816 2417 ligustrum,

177 2429 346 2510 serpyllum,
368 2433 487 2511 casiam,
510 2447 631 2490 crocum
654 2434 742 2504 atque
766 2425 880 2505 caltam,

177 2521 326 2580 narcissos
350 2519 615 2598 hyacinthinosque
639 2515 727 2575 flores

178 2611 300 2689 spernit,
323 2626 411 2686 quam
434 2609 523 2687 pretii
546 2607 655 2684 petitor
677 2603 768 2682 ampli

176 2696 309 2776 glaebam
331 2697 438 2757 turifer
461 2694 578 2756 advehit
602 2693 744 2773 Sahaens3

124 2798 158 2848 oo
179 2804 233 2846 seu
256 2786 323 2846 ficto
346 2787 445 2864 potius
469 2802 559 2863 specu
584 2784 711 2861 quiescit
761 2815 763 2818 ⁴

178 2874 260 2935 collis
283 2875 425 2954 margine,
448 2892 505 2951 qua
528 2890 632 2932 nemus
656 2871 800 2932 reflexum

178 2965 305 3023 nativam
329 2962 399 3023 dare
421 2964 569 3041 porticum
592 2959 729 3021 laborans

177 3069 238 3112 non
259 3051 359 3112 lucum
382 3050 537 3110 arboribus
561 3051 638 3130 facit,
662 3049 713 3110 sed
738 3056 863 3109 antrum.

178 3143 245 3219 quis
267 3142 399 3220 pomaria
422 3142 520 3218 prisca
543 3141 622 3216 regis
645 3138 710 3198 lndi

126 3242 159 3291 70
177 3230 225 3290 hic
248 3248 327 3290 nnnc
350 3235 501 3308 comparet
523 3246 685 3306 aureasque
710 3229 785 3287 vites

90 3443 126 3562 61¹2*
139 3435 310 3578 ¹oroeingns
327 3436 355 3506 0,
374 3434 542 3505 roraoingus
556 3436 619 3505 Pr,
636 3434 805 3504 veracingus
824 3435 855 3490 F
866 3436 876 3503 ΙΙ
890 3438 923 3488 67
942 3431 1032 3487 molli·

70 3608 237 3647 oromatum
251 3607 287 3648 sd.
301 3608 328 3648 M
332 3609 390 3650 obt,
859 3598 900 3647 ‘bb
