2414 3864
211 148 379 206 SIDONIUS
397 146 597 205 VINGENTIO
618 145 687 203 SUO
707 145 885 203 SALUTEM.
1015 148 1054 212 17

10 314 18 379 ζ
65 283 161 381 fuller,
184 306 347 380 constaret,
374 298 453 377 quod
481 299 546 378 ipse
575 298 724 358 dictasset.
771 307 800 357 at
822 297 875 359 ubi
898 318 930 360 se
954 299 1056 360 furens

10 398 16 457 ς·
68 366 111 440 lui}
132 397 324 469 quantumque
348 388 467 448 caderet
494 389 616 466 ignarus
639 387 686 448 bis
709 394 815 467 terque
838 391 964 468 repetita
987 408 1056 450 con-

10 462 23 491 *
72 461 175 540 fossione
188 477 355 559 transfodit,
369 476 547 538 acclamatur
561 476 597 537 ab
612 477 843 557 accusatoribus,
858 478 1058 539 conclamatur

70 565 232 629 erudiemus
255 585 341 628 reum
364 566 460 626 laesae
478 567 643 626 maiestatis
667 567 857 626 confitentem
880 570 984 628 teneri.
1022 568 1056 628 ad

68 647 109 716 hoc
125 664 152 718 et
167 656 289 717 milibus
308 654 504 716 formularum
522 656 597 715 iuris
616 655 646 714 id
662 657 846 717 sancientum
861 655 1057 735 iugulabatur.
1085 671 1099 710 o

65 741 102 808 li.
127 754 189 807 tum
216 745 336 806 demum
359 743 526 804 laboriosus
549 744 633 804 tarda
656 745 848 823 paenitudine
872 745 1059 825 loquacitatis

40 835 219 915 .inpalluisse
243 833 426 913 perhibetur,
453 851 520 893 sero
544 851 726 912 cognoscens
749 851 837 912 posse
862 853 947 895 reum
969 837 1059 895 maie-

54 927 132 986 statis
154 924 342 1004 pronuntiari
366 924 454 982 etiam
479 941 556 1002 eum,
580 924 714 1000 quinon
738 923 904 984 affectasset
926 923 1060 985 habitum

48 1021 287 1095 purpuratorum.
325 1011 481 1071 confestim
503 1010 667 1090 privilegiis
691 1013 824 1089 geminae
848 1012 1061 1094 praefecturae,

46 1121 135 1184 quam
168 1121 222 1182 per
255 1101 492 1180 quinquennium
519 1102 654 1178 repetitis
686 1100 815 1161 fascibus
846 1108 978 1183 rexerat,
1010 1116 1103 1162 err-10

45 1199 208 1272 auguratus
232 1196 272 1271 et,
294 1188 428 1268 plebeiae
452 1188 581 1249 familiae
604 1207 664 1249 non
682 1196 716 1250 ut
735 1189 852 1250 additus
872 1189 925 1250 sed
944 1197 977 1251 ut
994 1191 1062 1251 red-

44 1284 137 1361 ditus,
160 1278 280 1360 publico
299 1280 412 1338 carceri
430 1277 615 1338 adiudicatus
634 1284 688 1338 est.
725 1278 798 1339 illud
818 1297 887 1339 sane
907 1297 1062 1340 aerumno-

46 1372 213 1450 sissimum,
233 1369 322 1428 sicuti
340 1385 499 1427 narravere
519 1369 570 1446 qui
588 1367 732 1448 viderant,
756 1367 844 1448 quod,
867 1369 936 1446 quia
955 1387 986 1428 se
1007 1368 1062 1429 sub

43 1461 152 1521 atratis
182 1454 404 1518 accusatoribus
432 1462 606 1516 exornatum
635 1455 684 1516 ille
707 1455 890 1536 politumque
915 1457 1063 1518 iudicibus

45 1547 204 1628 intulerat,
227 1545 315 1626 paulo
338 1551 419 1625 post,
447 1563 515 1606 eum
539 1544 699 1605 duceretur
722 1545 870 1627 addictus,
893 1549 986 1606 miser
1008 1558 1104 1608 nec1⁵

45 1635 229 1699 miserabilis
253 1641 325 1695 erat.
359 1636 426 1712 quis
449 1635 529 1694 enim
555 1652 645 1712 super
669 1641 746 1695 statu
770 1636 835 1695 eius
854 1637 943 1696 nimis
963 1634 1064 1697 inflee'·

44 1732 179 1805 teretur,
209 1741 299 1803 quem
326 1723 441 1783 videret
469 1730 639 1784 accuratum
667 1723 890 1804 delibutumque
914 1724 1065 1786 lautumiis

49 1823 102 1876 aut
127 1811 277 1892 ergastulo
300 1808 428 1873 inferri?
465 1809 516 1873 12.
546 1812 598 1872 sed
622 1820 652 1872 et
674 1812 783 1873 iudicio
807 1815 855 1873 vix
877 1832 932 1893 per
955 1814 1066 1875 hebdo-

47 1903 168 1966 madam
187 1901 338 1982 duplicem
352 1901 612 1980 comperendinato
627 1903 723 1980 capite
738 1902 879 1963 multatus
892 1905 924 1962 in
939 1903 1066 1964 insulam

47 1994 205 2055 coniectus
229 1996 276 2051 est
295 1992 442 2069 serpentis
461 1989 612 2070 Epidauri,
635 1990 687 2051 ubi
706 2009 801 2070 usque
821 1991 856 2052 ad
875 1994 1066 2053 inimieorum
1081 2005 1107 2044 20

48 2082 186 2143 dolorem
213 2080 424 2140 devenustatus
454 2085 483 2139 et
511 2097 527 2138 a
554 2078 644 2140 rebus
672 2079 809 2140 humanis
837 2080 928 2142 veluti
955 2084 1067 2142 vomitu

50 2173 188 2232 fortunae
218 2169 389 2229 nauseantis
414 2174 557 2247 exsputus
580 2187 661 2228 nunc
683 2187 720 2228 en
747 2177 847 2230 vetere
876 2177 1067 2231 senatuscon-

52 2261 131 2321 sulto
164 2257 322 2318 Tiberiano
359 2259 480 2336 triginta
517 2258 633 2318 dierum
669 2259 759 2318 vitam
790 2266 858 2338 post
890 2261 1068 2320 sententiam

49 2349 158 2430 trabit,
185 2365 298 2408 uncum
326 2352 356 2406 et
383 2348 534 2425 gemonias
563 2354 593 2407 et
616 2346 754 2426 laqueum
776 2366 831 2426 per
853 2348 942 2408 horas
964 2347 1068 2408 turbu-

53 2437 129 2500 lenti
148 2436 298 2497 camificis
316 2435 502 2496 horrescens.
538 2433 587 2496 13.
606 2454 665 2500 nos,
676 2436 806 2518 quidem,
824 2443 913 2516 prout
927 2436 1067 2517 valemus,
1082 2448 1108 2489 25

52 2527 193 2588 absentes
212 2531 446 2605 praesentesque
465 2531 532 2584 vota
551 2525 685 2606 facimus,
703 2544 809 2604 preces
824 2525 1069 2605 supplicationes-

53 2634 112 2695 que
141 2617 340 2694 geminamus,
368 2621 402 2673 ut
430 2632 575 2693 suspenso
603 2617 665 2674 ictu
693 2616 893 2692 iamiamque
917 2617 1069 2675 mucronis

52 2707 151 2766 exerti
187 2705 284 2783 pietas
316 2701 446 2781 Augusta
483 2705 664 2763 seminecem
701 2722 879 2781 quamquam
911 2703 1070 2782 publicatis

53 2795 143 2854 bonis
166 2791 213 2853 vel
236 2790 326 2852 exilio
350 2798 533 2852 muneretur.
567 2791 618 2852 illo
641 2798 750 2872 tamen,
774 2810 827 2851 seu
846 2800 998 2873 exspectat
1022 2812 1071 2853 en-

54 2951 138 3007 (corr.
158 2946 191 2999 in
208 2943 303 2999 valide
321 2944 438 3014 M²)M,
457 2961 507 3000 om.
526 2960 566 3014 ep.
582 2951 599 3000 5
619 2946 635 3000 l.
655 2964 679 3000 c.
699 2944 734 3013 L,
751 2944 846 2998 valide
870 2946 897 3000 V
917 2948 922 3016 1
944 2946 1073 3016 nequiter

53 3013 192 3081 LNTO,
220 3030 253 3068 ec
276 3015 406 3085 nequiter
429 3017 456 3072 V
471 3023 496 3071 et
518 3022 549 3082 (s.
574 3017 728 3072 buddae
753 3016 791 3069 M
795 3017 862 3083 ⁹)M
871 3019 909 3084 111
930 3020 1073 3072 constaret

55 3089 89 3142 N
96 3086 167 3142 VM
169 3087 195 3140 Τ
197 3127 207 3154 ‚
229 3103 280 3141 om.
298 3103 338 3156 ep.
354 3092 390 3142 12
409 3089 425 3141 l.
444 3106 469 3144 o.
489 3088 525 3156 L,
544 3089 706 3142 constanter
726 3088 757 3151 G;
783 3104 953 3155 quamquam
971 3087 1073 3144 fatenti

53 3156 273 3239 nequibensene
293 3160 422 3212 constare
441 3159 620 3240 Iacetjobdcn
633 3164 642 3228 11
656 3165 674 3212 4
688 3165 752 3228 poet
769 3175 848 3212 reum
868 3161 915 3231 lep.
936 3176 965 3213 se
984 3162 1016 3215 in
1032 3160 1071 3232 01

54 3227 689 3382 eecceevvflnrvpueerrl
701 3232 1073 3382 accurreretis

55 3375 90 3427 ut
105 3371 150 3442 01
165 3375 200 3426 20
219 3373 358 3440 serpentrs
377 3388 427 3427 om.
445 3371 486 3441 01
503 3372 632 3440 epidauri
650 3389 719 3428 corr.
738 3375 770 3427 fn
788 3372 931 3442 epidaurir
943 3373 1002 3442 M&
1016 3373 1076 3441 epi-

55 3444 151 3569 dauqili
170 3443 203 3568 ΖΤ
223 3443 232 3512 11
245 3448 299 3580 {vll
312 3442 371 3498 ictu
393 3460 442 3499 om.
468 3461 507 3514 sp,
524 3449 543 3499 8
561 3445 578 3500 l.
598 3462 622 3501 e.
643 3444 669 3500 L
695 3447 701 3516 1
724 3442 844 3517 iamque
865 3442 1017 3500 mucronis
1040 3459 1100 3498 om.

53 3532 96 3586 ⁸1³·
181 3557 186 3569 ·
205 3532 227 3568 ⁹²·
637 3555 639 3559 ·

100 3610 267 3649 Atonnmrzrs
280 3610 313 3650 ed.
328 3611 357 3650 M
359 3613 417 3656 obt,
934 3614 957 3664 ‘2
