2414 3864
148 146 189 210 18
518 143 627 198 LIBER
643 143 788 198 PRIMUS.

147 304 242 356 trema
262 313 397 375 quaeque
417 313 470 355 scu
490 296 628 375 sustinet,
650 292 799 354 infelicius
816 293 892 353 nibil
909 300 965 371 est,
988 296 1016 353 si
1034 301 1107 372 post
1124 300 1165 353 tot

146 394 232 445 notas
261 388 375 445 inustas
403 382 658 461 contumeliasque
686 382 798 461 aliquid
820 401 900 443 nunc
923 381 1054 461 amplius
1079 399 1164 462 quam

146 477 244 534 virere
268 477 362 535 timet
398 472 471 534 vale.

607 663 697 728 VIH.

301 786 470 842 SIDONIUS
489 785 718 841 GANDIDIANO
738 785 807 840 SUO
826 784 1005 839 SALUTEM.

119 919 132 959 5
215 901 243 963 1.
275 901 385 961 llorari
412 919 459 960 me
486 900 597 960 Romae
626 899 854 979 congratularis3
884 899 914 960 id
946 907 1048 960 tamen
1080 902 1164 980 quasi

146 992 240 1052 facete
264 998 294 1051 ct
316 991 520 1068 fatigationum
544 988 656 1049 salibus
679 989 830 1050 admixtis:
859 991 904 1048 ais
927 991 1009 1048 enim
1032 989 1163 1068 gaudere

146 1090 190 1160 te,
213 1079 292 1158 quod
316 1078 473 1157 aliquando
496 1080 685 1139 necessarius
707 1086 778 1139 tuns
800 1077 917 1138 videam
939 1078 1049 1159 solem,
1075 1098 1162 1158 quem

146 1171 250 1248 ntique
272 1186 394 1247 perraro
417 1166 529 1227 bibitor
547 1167 685 1228 Araricus
709 1169 899 1246 inspexerim.
931 1166 1060 1228 nebulas
1084 1171 1163 1229 enim

146 1258 219 1317 mihi
247 1275 382 1317 meorum
404 1255 649 1334 Lugdunensium
677 1257 840 1336 exprobras
867 1263 898 1317 ct
920 1256 1001 1316 diem
1024 1259 1163 1336 quereris

105 1365 132 1405 ro
145 1346 233 1407 nobis
257 1349 400 1407 matutina
424 1344 549 1424 caligine
573 1345 759 1406 obstructum
782 1348 831 1405 vix
854 1345 1020 1405 meridiano
1046 1346 1161 1407 lerrore

144 1437 282 1497 reserari.
335 1433 365 1496 2.
397 1442 428 1494 et
458 1441 491 1494 tu
525 1437 617 1494 istaec
649 1435 723 1494 mihi
751 1433 921 1494 Caesenatis
949 1434 1032 1495 lurni
1062 1438 1160 1514 potins

145 1542 232 1605 quam
256 1523 358 1603 oppidi
380 1541 470 1584 verna
494 1520 681 1584 deblateras?
717 1523 754 1583 de
782 1525 868 1584 cuius
891 1522 997 1584 natalis
1020 1524 1081 1585 tibi
1105 1524 1160 1585 soli

144 1613 191 1673 vel
221 1612 402 1672 iucunditate
433 1611 479 1671 rel
509 1612 664 1672 commodo
697 1611 767 1691 quid
801 1615 891 1672 etiam
922 1615 987 1692 ipse
1021 1616 1160 1694 sentires,

145 1702 216 1762 dum
234 1703 353 1781 migras,
376 1700 556 1781 iudicavisti3
579 1703 621 1761 ita
638 1710 748 1781 tamen,
766 1701 845 1779 quod
864 1710 893 1763 tc
912 1700 1073 1763 Ravennae
1097 1703 1162 1763 feli-

107 1808 132 1850 ιε,
146 1793 210 1851 cius
243 1789 412 1849 exulantem
438 1789 561 1850 auribus
588 1789 706 1850 Padano
735 1788 829 1850 culice
860 1791 1007 1870 perfossis
1034 1794 1163 1854 munici-

145 1878 256 1958 palium
282 1896 420 1938 ranarum
448 1879 555 1958 loquax
582 1878 669 1939 turba
692 1878 878 1940 circumsilit.
915 1881 947 1939 in
969 1898 1029 1959 qua
1053 1881 1162 1960 palude

145 1968 348 2028 indesinenter
379 1986 480 2028 rerum
513 1970 646 2029 omnium
677 1968 742 2046 lege
774 1987 916 2047 perversa
943 1971 1024 2029 muri
1052 1970 1163 2032 cadunt

145 2075 238 2136 aquae
262 2062 350 2136 stant,
372 2063 472 2118 turres
495 2057 591 2117 fluunt
614 2076 704 2117 naves
728 2057 841 2138 sedent,
865 2060 947 2136 aegri
969 2057 1163 2121 deambulant

145 2146 254 2206 medici
278 2148 388 2226 iacent,
414 2144 513 2224 algent
536 2145 640 2206 balnea
664 2145 813 2207 domicilia
837 2146 1034 2227 conflagrant,
1058 2150 1164 2210 sitiunt

104 2257 131 2297 rc
144 2238 204 2295 viri
217 2240 321 2295 natant
336 2235 453 2315 sepulti,
472 2234 594 2314 vigilant
609 2235 690 2295 iures
705 2234 857 2295 dormiunt
870 2243 1043 2316 potestates,
1064 2237 1163 2298 saeue

145 2333 249 2386 rantur
272 2323 375 2384 clerici
398 2324 465 2403 Syri
487 2323 626 2404 psallunt,
648 2325 848 2402 negotiatores
872 2324 1001 2385 militant
1025 2326 1164 2388 monachi

146 2415 344 2493 negotiantur,
359 2413 479 2473 student
493 2412 570 2491 pilae
586 2431 672 2473 senes
687 2412 767 2473 aleae
783 2415 915 2493 iuvenes,
929 2415 1021 2474 armis
1032 2415 1164 2477 eunuchi

145 2502 252 2562 litteris
284 2502 435 2562 foederati.
482 2499 511 2562 3.
534 2510 568 2561 tu
590 2502 670 2582 vide,
700 2501 796 2580 qualis
823 2505 862 2562 sit
885 2504 1002 2584 civitas,
1030 2502 1086 2564 ubi
1109 2503 1164 2565 tibi

145 2591 188 2651 lar
211 2591 366 2652 familiaris
385 2589 535 2670 incolitur,
558 2609 633 2669 quae
657 2590 772 2651 facilius
791 2592 977 2652 territorium
994 2595 1095 2671 potuit
1113 2592 1163 2652 ha-

104 2701 130 2740 ts
144 2679 215 2741 bere
235 2698 325 2758 quam
343 2687 462 2739 terram.
494 2681 633 2758 quocirca
647 2686 796 2739 memento
811 2682 942 2740 innoxiis
956 2680 1163 2761 Transalpinis

217 2874 230 2920 1
250 2883 299 2920 seu
318 2873 381 2922 onte
399 2866 520 2922 sustinet
538 2884 588 2922 om.
603 2869 630 2921 L
643 2871 682 2936 118
701 2885 818 2937 perraro
837 2867 945 2924 bibitor
962 2868 1098 2924 Araricus
1116 2886 1164 2942 epo

59 2975 62 2980 -
143 2943 267 3007 (perraro
285 2937 382 2992 Araris
400 2940 483 3007 potor
501 2939 702 3008 [fredelonem
731 2957 847 3010 perraro
866 2939 897 2994 bi
915 2957 942 2995 se
980 2945 1088 3010 ,⁸126
1110 2943 1163 2997 litt.

144 3009 186 3074 L;
212 3025 276 3062 raro
298 3007 406 3063 bibitor
432 3009 556 3064 ataricus
585 3010 708 3066 VMGT
731 3018 757 3066 et
779 3014 811 3066 in
833 3029 887 3067 ras.
912 2958 979 3066 Ngu
981 3013 1030 3077 (13
1053 3012 1108 3069 titt.
1131 3015 1165 3068 itt

143 3082 160 3135 l.
180 3086 205 3136 et
224 3084 241 3134 5
258 3096 279 3134 s.
299 3081 316 3134 t.
335 3084 416 3147 eras.)
443 3080 568 3205 panim]
589 3098 656 3151 ergo
677 3082 700 3137 0
719 3085 729 3150 l
753 3087 784 3136 11
804 3082 862 3136 isto
881 3099 912 3137 ec
931 3081 1002 3136 mihi
1022 3082 1057 3145 L.
1078 3099 1163 3138 acccc

143 3150 200 3205 ista
218 3149 289 3203 mihi
307 3167 375 3206 corr.
394 3153 427 3205 to
464 3167 515 3206 aec
535 3153 592 3206 ista
610 3152 681 3206 mihi
699 3154 733 3208 N
736 3155 754 3222 ¹,
781 3153 838 3208 ista
856 3153 928 3208 haec
945 3152 1018 3207 mihi
1036 3154 1080 3222 M,
1109 3154 1164 3210 hoc

143 3221 201 3276 ista
219 3220 290 3275 mihi
310 3222 337 3290 0,
361 3221 431 3276 haec
450 3222 520 3276 mihi
539 3241 603 3279 ecce
626 3224 683 3278 ista
701 3224 783 3294 (haec
805 3232 831 3281 et
853 3224 925 3279 mihi
946 3242 967 3280 c.
987 3225 1004 3280 l.
1024 3226 1090 3280 add.
1114 3225 1165 3294 T’)

145 3295 170 3348 T
194 3296 204 3362 u
233 3297 266 3346 14
284 3291 447 3348 iudicavisti
469 3294 564 3350 LNT
585 3301 610 3350 et
635 3299 715 3363 (corr.
735 3297 768 3350 io
789 3295 925 3350 iudicasti
943 3296 1059 3366 MUM,
1089 3295 1165 3351 iudi·

144 3364 216 3419 casti
237 3364 265 3433 0,
284 3363 419 3418 indicasti
435 3364 466 3419 F
478 3369 487 3436 ΙΙ
502 3372 535 3421 18
553 3369 644 3420 turres
665 3365 717 3421 OT
733 3373 758 3421 et
776 3384 797 3421 s.
812 3369 829 3422 l.
845 3369 910 3423 add.
925 3368 959 3422 N
960 3367 1030 3437 ¹M1,
1048 3369 1164 3424 ventres

143 3435 248 3490 LNM
275 3440 279 3508 Ι
308 3435 388 3506 aegri
413 3436 596 3492 deambulant
617 3455 667 3493 om.
687 3437 714 3490 L
740 3440 750 3507 ll
778 3443 811 3491 19
831 3438 931 3492 sitiunt
954 3437 1013 3494 rivi
1038 3456 1090 3494 om.
1111 3440 1139 3494 L
1156 3440 1167 3512 ll

140 3511 172 3558 21
192 3507 325 3564 monachi
342 3507 412 3565 LN
418 3509 483 3580 VT,
503 3508 609 3566 milites
630 3509 652 3565 d
669 3515 694 3566 ct
712 3510 745 3564 io
761 3526 818 3564 ras.
834 3509 906 3578 M¹ll
