2414 3864
110 142 154 207 94
461 142 571 198 LIBER
590 143 768 211 QUARTUS.

110 294 232 355 luserim
255 301 351 354 metro
371 312 464 373 nugas
484 294 562 353 mitti
581 301 727 372 oportere.
765 311 863 354 annuo
882 295 1041 377 iniunctis,
1066 299 1111 376 qui

110 384 217 462 dignus
241 402 287 464 es,
310 390 344 444 ut
366 382 435 444 talia
458 382 552 463 legas,
575 400 643 442 nam
667 400 788 443 carmen
811 384 920 463 ipsum,
944 384 1029 463 quod
1053 404 1111 447 nun

109 491 125 532 e
144 472 281 533 manibus
301 471 436 553 elabitur,
459 478 519 532 tam
538 473 723 532 rusticanum
746 479 793 532 est
810 478 931 551 tamque
950 474 1111 552 impolitun

108 569 142 622 ut
164 580 212 622 me
235 580 296 622 non
314 560 387 622 illud
406 560 442 621 ad
460 559 560 621 villam
579 560 631 620 sed
650 561 749 640 potius
769 579 785 621 e
804 560 872 621 villa
890 563 1014 623 mittere
1034 571 1111 643 puter

83 649 139 712 ⁵4.
162 650 317 712 basilicam
345 652 440 711 sancti
467 649 618 729 pontificis
646 649 885 729 confessorisque
912 649 1038 712 Martini
1061 652 1111 713 Per

106 746 216 818 petuus
235 743 403 820 episcopm,
421 738 615 818 dignissimus
633 745 715 798 tanto
730 738 944 817 predecessore
961 758 1111 802 successor

106 828 234 890 multum
270 831 365 908 priori
397 846 471 907 quae
508 827 564 888 luit
600 825 744 887 hactenus
780 829 968 907 capaciorem
1000 833 1111 891 novavit

107 935 246 996 magnum
265 925 320 998 est,
343 923 376 977 ut
394 918 503 997 ferunt,
526 934 601 996 opus
620 916 902 998 nominandumque,
926 919 1008 997 quod
1026 921 1057 979 in
1074 919 1110 979 bo

107 1024 211 1066 norem
229 1005 296 1067 talis
312 1008 368 1066 viri
383 1006 494 1066 factum
512 1005 579 1066 talis
599 1007 644 1065 vir
661 1006 769 1066 fecisse
788 1005 935 1067 debuerit.
972 1006 1064 1069 huius
1077 1026 1111 1068 nn

67 1109 93 1150 ιο
106 1095 270 1174 parietibus
299 1094 465 1156 inscribere
488 1093 675 1173 supradictus
699 1093 838 1154 sacerdos
861 1095 919 1155 boc
943 1097 1111 1176 epigramma

107 1184 264 1267 compellit,
288 1183 367 1264 quod
390 1182 570 1263 recensebis,
593 1191 626 1243 ut
649 1191 695 1244 est
717 1185 749 1243 in
769 1183 826 1264 his,
849 1202 1055 1265 quaecumque
1072 1185 1111 1245 de·

104 1277 211 1357 poscit,
229 1273 384 1354 privilegio
404 1274 536 1334 caritatis
555 1273 828 1351 imperiosissimus.
859 1268 888 1334 5.
903 1280 993 1353 atque
1011 1277 1111 1335 utinam

105 1363 192 1424 molis
211 1362 291 1424 illius
305 1380 443 1442 pompam
462 1363 523 1422 sive
543 1360 663 1422 donaria
678 1360 753 1422 nihil
767 1361 856 1422 huius
871 1361 1010 1441 obsequii
1023 1369 1110 1442 tmpet

106 1452 227 1534 oblati03
247 1451 326 1532 quod
346 1469 433 1512 secus
452 1450 516 1512 lore
534 1448 696 1529 plurimum
710 1452 811 1530 timeo,
829 1452 889 1511 nisi
903 1451 1030 1513 forsitan
1044 1454 1106 1512 inter

66 1555 91 1596 15
106 1544 204 1602 omnia
227 1548 351 1602 venusta
374 1542 417 1600 sic
441 1541 661 1618 epigrammatis
684 1541 772 1600 istius
794 1539 920 1600 foeditas
944 1540 1064 1622 placeat,
1080 1544 1104 1598 ut

104 1633 190 1709 niger
221 1647 332 1690 naevus
360 1628 485 1690 candido
514 1630 546 1688 in
573 1646 711 1710 corpore,
744 1630 796 1707 qui
823 1628 946 1707 quidem
975 1629 1049 1690 solet
1071 1628 1100 1686 sic

104 1719 201 1780 iacere
234 1721 328 1779 risum
361 1716 439 1797 quod
471 1719 606 1797 accipere
637 1717 819 1797 suffragium.
871 1718 924 1779 sed
954 1719 1025 1798 quid
1050 1718 1105 1778 hine

104 1804 253 1887 amplius?
288 1825 366 1887 pone
394 1805 508 1868 listulas
536 1808 600 1886 ipse
627 1808 774 1885 pastorias
802 1814 832 1866 et
855 1806 968 1887 elegiae
991 1815 1109 1876 nostrae,

104 1898 173 1976 quia
196 1896 271 1976 pede
296 1896 450 1977 claudicat,
472 1914 592 1956 manum
616 1897 744 1975 porrige.

159 2038 279 2099 Martini
302 2056 410 2117 corpus
433 2040 504 2098 totis
527 2037 694 2098 venerabile
718 2039 817 2118 terris,

227 2130 258 2189 in
282 2146 340 2206 quo
363 2134 431 2206 post
454 2129 531 2188 vitae
554 2134 688 2205 tempora
711 2128 782 2187 vivit
804 2125 908 2207 bonor,

158 2223 273 2279 texerat
294 2216 343 2278 hie
365 2218 496 2296 primum
518 2214 635 2295 plebeio
658 2215 793 2275 maehina
816 2214 908 2295 cultu,

227 2323 301 2385 quae
326 2306 490 2366 confessori
513 2322 573 2365 non
597 2311 660 2365 erat
684 2323 776 2384 aequa
800 2322 868 2386 suo,

119 2409 135 2457 5
158 2415 214 2458 nec
238 2393 400 2456 desistebat
422 2396 502 2454 cives
526 2411 650 2454 onerare
673 2393 787 2472 pudore

227 2482 319 2564 gloria
343 2501 447 2562 magna
470 2484 540 2563 riri,
563 2484 656 2561 gratia
678 2501 767 2562 parva
791 2481 857 2543 loci.

158 2576 282 2635 antistes
306 2571 359 2632 sed
383 2574 434 2651 qui
456 2577 630 2632 numeratur
654 2578 756 2632 sextus
779 2571 815 2632 ab
839 2574 904 2652 ipso

224 2661 341 2740 longam
363 2660 529 2740 Perpetuus
553 2659 673 2721 sustulit
695 2660 844 2742 invidiam,

158 2754 309 2812 internum
332 2767 488 2811 removens
511 2749 621 2810 modici
644 2748 794 2829 penetrale
819 2748 921 2810 sacelli

101 2852 135 2900 10
225 2839 378 2918 amplaque
401 2845 479 2898 tecta
502 2836 602 2898 levans
625 2840 772 2899 exteriore
797 2838 897 2920 dom03

158 2935 373 3007 creveruntque
397 2926 485 2988 simul
508 2926 604 2987 valido
627 2926 776 2988 tribuente
800 2934 925 3006 patrono

224 3019 256 3076 in
279 3019 382 3096 spatiis
405 3015 501 3097 aedis,
524 3015 659 3076 conditor
682 3019 714 3076 in
737 3018 861 3097 meritis,

172 3226 188 3275 6
205 3222 405 3290 predecessore
424 3224 451 3277 L
469 3229 495 3278 et
518 3226 598 3292 (corr.
617 3224 650 3277 in
671 3223 886 3292 praedecessore
905 3224 940 3278 N
941 3226 961 3293 ¹)
969 3225 1012 3293 N,

99 3294 245 3350 decessore
264 3293 303 3348 Μ
305 3293 357 3350 OT
368 3297 377 3365 ΙΙ
392 3301 407 3350 7
446 3292 516 3349 riori
534 3294 600 3348 ΕΝ
606 3294 672 3349 VM
674 3296 706 3364 Τ,
728 3293 821 3364 priore
843 3294 915 3366 0118
936 3314 1008 3366 opus

98 3368 138 3436 119
157 3363 202 3422 vir
220 3380 270 3420 om.
288 3365 335 3435 011
355 3371 388 3420 13
406 3311 497 3438 illius]
515 3364 606 3435 ipsius
626 3365 667 3439 Ol
682 3365 754 3420 nihil
772 3365 841 3435 LN,
860 3367 903 3420 nil
920 3368 961 3421 M
963 3367 987 3423 0
993 3369 1007 3423 l

93 3441 165 3508 apte
185 3436 234 3505 Ol
257 3453 282 3491 v.
300 3442 315 3491 7
335 3435 386 3491 illo
407 3436 465 3507 OT,
483 3437 530 3492 vel
548 3437 610 3507 ipso
629 3453 650 3493 s.
671 3438 688 3492 l.
707 3439 771 3494 add.
792 3437 830 3492 T*
851 3439 861 3509 ΙΙ
883 3457 909 3494 v.
927 3444 960 3492 12
980 3455 1000 3493 a

81 3507 193 3578 spaciis
214 3507 258 3577 U!
273 3508 356 3567 aedis
376 3508 448 3582 LN,
468 3509 556 3567 aedes
574 3509 693 3579 Moru
