2414 3864
130 163 174 227 60
491 161 600 215 LIBER
617 160 780 217 TERTIUS.
1144 40 1149 315 ¹

132 312 284 373 scendere.
337 309 367 374 3.
400 313 505 391 igitur,
536 310 614 389 quod
646 309 711 370 loco
743 311 875 389 primore
908 311 976 371 lieri
1006 329 1060 390 par
1087 317 1128 391 cst

131 404 245 480 agimus
265 403 374 480 gratias
397 400 505 461 uberes
524 399 653 481 Christo,
676 401 728 478 qui
746 406 856 459 statum
874 398 1060 460 celsitudinis
1076 407 1127 460 tuac

130 498 164 550 ut
187 490 331 551 hactenus
358 496 515 568 parentum
538 487 692 548 nobilitate
716 487 888 569 decorabat,
915 490 958 548 ita
985 491 1044 548 iam
1066 504 1149 555 nunc.

131 579 286 639 titulorum
318 577 466 657 parilitate
499 577 630 658 fastigat3
662 576 751 637 simul
783 584 814 637 et
840 579 1010 638 animorum
1037 576 1149 656 spebus·

104 671 241 729 serectis
268 667 313 727 las
341 674 387 727 est
413 667 450 726 de
481 674 581 726 cetero
609 684 729 745 sperare
757 664 889 726 meliora.
936 673 1018 727 certe
1041 665 1127 727 creber

130 755 357 837 provincialium
389 773 487 815 sermo
520 762 567 815 est
598 773 707 815 annum
736 753 848 815 bonum
878 753 916 815 de
944 757 1058 834 magnis
1083 768 1127 814 noo

130 854 192 905 tam
219 843 366 904 fructibus
393 863 481 923 quam
508 842 705 923 potestatibus
735 842 978 905 existimandum.
1023 862 1077 923 qua
1101 841 1126 901 de

131 952 164 993 re
196 941 328 993 vestrum
356 941 415 1014 est,
448 933 566 992 domine
594 935 703 1013 maior,
734 934 989 1011 exspectationem
1016 939 1149 995 nostran.

132 1020 368 1101 competentibus
391 1021 637 1100 dispositionibus
660 1023 820 1082 munerari
857 1040 927 1082 nam
950 1040 1064 1082 memor
1083 1020 1124 1080 ori·

93 1131 119 1172 ιο
133 1113 212 1189 ginis
242 1117 310 1171 tuae
343 1109 489 1170 nobilium
516 1109 575 1170 sibi
604 1111 754 1189 persuasit
780 1112 976 1191 universitas,
1009 1108 1124 1190 quamdiu

132 1218 186 1260 nos
210 1199 313 1260 Sabini
336 1199 447 1259 familia
469 1201 596 1280 rexerit,
619 1198 773 1260 Sabiniani
794 1198 937 1260 familiam
960 1219 1021 1261 non
1041 1201 1124 1260 timcn-

134 1289 209 1350 dam.
245 1288 318 1349 vale.

604 1478 677 1544 VH.

348 1599 517 1656 SIDONIUS
534 1599 652 1657 semol
671 1599 739 1655 SUO
759 1600 939 1655 SALUTEM.

202 1712 230 1774 1.
249 1712 383 1793 Longum
402 1714 540 1775 alitteris
559 1716 740 1793 temperatis.
771 1716 864 1792 igitur
876 1717 999 1792 utrique
1013 1719 1131 1774 nostrum

94 1823 120 1863 15
134 1821 199 1863 mos
223 1821 294 1863 suus
318 1806 427 1882 agitur:
450 1821 505 1881 ego
528 1805 637 1883 garrio,
659 1821 711 1863 vos
730 1805 844 1863 tacetis.
880 1802 962 1863 unde
983 1805 1077 1883 etiam,
1096 1797 1133 1858 vir

134 1891 170 1951 ad
193 1890 308 1971 reliqua
335 1893 405 1953 fidei
433 1893 529 1953 officia
556 1894 696 1973 insigniS,
724 1910 818 1970 genus
845 1910 916 1953 reor
938 1910 1006 1952 esse
1029 1886 1135 1951 virtutis

133 1987 215 2041 tanto
243 1987 274 2041 te
302 1983 362 2041 otio
391 2000 450 2041 non
473 2000 561 2060 posse
585 1980 698 2042 lassari.
744 1981 852 2060 ecquid
875 1999 1075 2060 numquamne
1096 1992 1137 2038 rc·

134 2077 238 2148 spectu
261 2069 417 2131 movebere
442 2069 648 2131 familiaritatis
671 2072 819 2151 antiquae,
841 2077 875 2130 ut
892 2069 1015 2130 tandem
1037 2088 1054 2130 a
1078 2080 1139 2129 con‘

134 2159 270 2219 tinuandi
289 2159 400 2220 silentii
418 2160 570 2239 proposito
589 2159 696 2237 pedem
714 2155 850 2220 referas?
882 2166 933 2219 aut
951 2161 1061 2239 nescis,
1079 2155 1142 2236 quit

94 2271 121 2310 so
134 2248 253 2327 garrulo
286 2266 345 2307 non
378 2247 558 2327 respondere
587 2250 753 2308 convicium
782 2244 853 2308 est?
900 2255 934 2309 tu
967 2249 1076 2308 retices
1100 2231 1144 2305 rel

134 2336 389 2417 bybliothecarum
411 2337 528 2397 medius
551 2336 597 2396 vel
620 2343 757 2416 togarum
776 2344 806 2396 et
824 2355 841 2397 a
859 2355 906 2397 me
927 2336 1060 2398 officium
1076 2349 1144 2416 pau‘

135 2428 246 2504 pertini
265 2427 411 2485 sermonis
431 2431 578 2505 expectas,
602 2427 651 2485 cui
669 2424 829 2506 scribendi,
853 2427 880 2485 si
897 2425 974 2486 bene
993 2424 1147 2505 perspicis,

135 2517 229 2593 magis
248 2520 295 2574 est
312 2513 438 2574 facilitas
458 2530 546 2593 quam
564 2513 697 2574 facultas.
721 2511 750 2574 2.
769 2521 850 2574 certe
869 2514 917 2574 vel
934 2522 1034 2575 metus
1047 2518 1148 2574 noster

135 2605 290 2663 materiam
305 2601 373 2662 stilo
387 2609 438 2663 tuo
458 2602 554 2683 iaciat,
573 2610 781 2683 mementoque
799 2605 947 2664 viatorum
963 2621 1070 2664 manus
1083 2617 1149 2682 gra‘

96 2712 122 2754 as
135 2708 204 2751 rare
232 2691 359 2771 chartis,
388 2693 526 2770 quatinus
550 2693 713 2752 amicorum
737 2709 808 2752 cura
831 2690 994 2773 relevetur,
1022 2699 1052 2752 et
1074 2689 1149 2752 indi‘

136 2798 203 2840 care
227 2780 344 2861 festina,
368 2781 394 2840 si
417 2798 504 2859 quam
527 2772 649 2858 praevio
666 2779 722 2840 deo
742 2787 881 2859 quaestor
899 2779 1071 2842 Licinianus
1089 2787 1149 2840 tre*

135 2868 280 2947 pidationi
312 2876 431 2929 mutuae
464 2871 582 2929 ianuam
615 2870 784 2929 securitatis
812 2871 972 2948 aperuerit.
1023 2880 1149 2951 persona

137 2957 284 3035 siquidem
307 2964 362 3039 est,
384 2964 418 3018 ut
440 2956 607 3037 perhibent,
630 2976 736 3037 magna
759 2960 963 3037 expectatione
986 2961 1082 3020 maior
1099 2955 1149 3017 ad*

136 3052 235 3127 ventu,
262 3045 358 3107 relatu
386 3046 523 3107 sublimis
549 3048 733 3125 inspectione
758 3045 914 3107 sublimior
937 3054 967 3107 et
990 3047 1028 3108 ob
1052 3047 1149 3108 omnia

209 3234 313 3301 tiam]
338 3233 425 3308 etiam
446 3236 493 3304 ΟΙΙ
513 3239 544 3288 11
563 3233 674 3289 familia
696 3235 800 3290 rexerit
823 3233 966 3290 sabiniani
986 3235 1038 3306 Ul
1059 3241 1092 3290 13
1109 3239 1149 3290 tc-

136 3312 194 3361 tcm
211 3323 251 3375 ep.
271 3305 333 3359 VII
344 3322 394 3361 om.
412 3307 456 3374 ΤΙ
472 3306 677 3376 inscra'ptioaem
694 3324 722 3361 aa.
737 3325 761 3362 o.
776 3325 800 3362 o.
816 3324 867 3362 orn.
882 3307 932 3377 Ll
947 3312 980 3362 17
997 3321 1149 3376 numquam

136 3393 190 3433 ne*
210 3382 238 3446 (1
259 3377 276 3431 l.
295 3393 363 3432 cros.
379 3377 470 3445 P¹)P,
492 3394 646 3445 numquam
668 3394 720 3431 nec
738 3377 916 3448 Iacetjoboam
937 3381 947 3446 ΙΙ
971 3382 1005 3433 18
1024 3377 1149 3434 continn-

137 3447 206 3502 andi
224 3447 299 3513 ΕΝ,
322 3447 479 3502 continuati
498 3448 536 3501 Μ
542 3447 602 3518 Vc,
621 3449 666 3502 rel
685 3447 869 3503 continuandi
886 3448 989 3504 melius
1008 3451 1073 3506 odd.
1091 3465 1112 3505 s.
1129 3447 1147 3502 l.

126 3519 295 3591 ffi71p22
314 3519 361 3576 cui
380 3519 449 3578 ΕΝ
469 3520 598 3579 Vata'ccso.
615 3523 699 3589 3421,
716 3519 798 3574 cuius
816 3519 938 3586 ΠΜ
