<?xml version="1.0" encoding="UTF-8"?>
<!DOCTYPE html PUBLIC "-//W3C//DTD XHTML 1.0 Transitional//EN"
    "http://www.w3.org/TR/xhtml1/DTD/xhtml1-transitional.dtd">
<html xmlns="http://www.w3.org/1999/xhtml" xml:lang="en" lang="en">
 <head>
  <title>
</title>
<meta http-equiv="Content-Type" content="text/html;charset=utf-8" />
  <meta name='ocr-system' content='tesseract 3.04.00' />
  <meta name='ocr-capabilities' content='ocr_page ocr_carea ocr_par ocr_line ocrx_word'/>
</head>
<body>
  <div class='ocr_page' id='page_1' title='image "./csolliusapollin00apolgoog_0079.png"; bbox 0 0 2414 3864; ppageno 0'>
   <div class='ocr_carea' id='block_1_1' title="bbox 78 136 719 203">
    <p class='ocr_par' dir='ltr' id='par_1_1' title="bbox 78 136 719 203">
     <span class='ocr_line' id='line_1_1' title="bbox 78 136 719 203; baseline 0.006 -15"><span class='ocrx_word' id='word_1_1' title='bbox 78 138 122 203; x_wconf 80' lang='lat'><strong>26</strong></span> <span class='ocrx_word' id='word_1_2' title='bbox 449 137 558 190; x_wconf 78' lang='lat' dir='ltr'><strong>ninia</strong></span> <span class='ocrx_word' id='word_1_3' title='bbox 576 136 719 193; x_wconf 73' lang='lat' dir='ltr'><strong>annius</strong></span> 
     </span>
    </p>
   </div>
   <div class='ocr_carea' id='block_1_2' title="bbox 38 285 1108 3128">
    <p class='ocr_par' dir='ltr' id='par_1_2' title="bbox 38 285 1108 3128">
     <span class='ocr_line' id='line_1_2' title="bbox 79 285 1105 369; baseline -0.006 -20"><span class='ocrx_word' id='word_1_4' title='bbox 79 288 224 369; x_wconf 90' lang='lat' dir='ltr'><strong>iacebam,</strong></span> <span class='ocrx_word' id='word_1_5' title='bbox 257 307 314 367; x_wconf 92' lang='lat' dir='ltr'><strong>qua</strong></span> <span class='ocrx_word' id='word_1_6' title='bbox 341 288 498 367; x_wconf 90' lang='lat' dir='ltr'><strong>purpurati</strong></span> <span class='ocrx_word' id='word_1_7' title='bbox 525 285 601 346; x_wconf 88' lang='lat' dir='ltr'><strong>latus</strong></span> <span class='ocrx_word' id='word_1_8' title='bbox 629 285 744 347; x_wconf 87' lang='lat' dir='ltr'><strong>laevum</strong></span> <span class='ocrx_word' id='word_1_9' title='bbox 771 287 905 364; x_wconf 84' lang='lat' dir='ltr'>margine</span> <span class='ocrx_word' id='word_1_10' title='bbox 930 289 960 347; x_wconf 92' lang='lat' dir='ltr'><strong>in</strong></span> <span class='ocrx_word' id='word_1_11' title='bbox 990 285 1105 347; x_wconf 78' lang='lat' dir='ltr'><strong>dextro</strong></span> 
     </span>
     <span class='ocr_line' id='line_1_3' title="bbox 78 357 1102 457; baseline -0.001 -20"><span class='ocrx_word' id='word_1_12' title='bbox 78 377 293 457; x_wconf 83' lang='lat' dir='ltr'><strong>porrigebatur.</strong></span> <span class='ocrx_word' id='word_1_13' title='bbox 343 374 392 437; x_wconf 92' lang='grc'><strong>11.</strong></span> <span class='ocrx_word' id='word_1_14' title='bbox 416 375 548 437; x_wconf 80' lang='lat' dir='ltr'>edulium</span> <span class='ocrx_word' id='word_1_15' title='bbox 570 374 663 435; x_wconf 93' lang='lat' dir='ltr'><strong>multa</strong></span> <span class='ocrx_word' id='word_1_16' title='bbox 685 382 769 454; x_wconf 90' lang='lat' dir='ltr'><strong>parte</strong></span> <span class='ocrx_word' id='word_1_17' title='bbox 794 376 877 437; x_wconf 90' lang='lat' dir='ltr'><strong>finita</strong></span> <span class='ocrx_word' id='word_1_18' title='bbox 897 375 1034 437; x_wconf 84' lang='lat' dir='ltr'><strong>Caesaris</strong></span> <span class='ocrx_word' id='word_1_19' title='bbox 1061 357 1102 429; x_wconf 72' lang='lat' dir='ltr'><strong>ad</strong></span> 
     </span>
     <span class='ocr_line' id='line_1_4' title="bbox 79 451 1102 546; baseline -0.006 -19"><span class='ocrx_word' id='word_1_20' title='bbox 79 465 231 527; x_wconf 90' lang='lat' dir='ltr'><strong>consulem</strong></span> <span class='ocrx_word' id='word_1_21' title='bbox 260 484 358 526; x_wconf 93' lang='lat' dir='ltr'><strong>sermo</strong></span> <span class='ocrx_word' id='word_1_22' title='bbox 387 466 538 545; x_wconf 80' lang='lat' dir='ltr'><strong>dirigitur,</strong></span> <span class='ocrx_word' id='word_1_23' title='bbox 567 465 652 542; x_wconf 87' lang='lat' dir='ltr'><strong>isque</strong></span> <span class='ocrx_word' id='word_1_24' title='bbox 681 467 864 546; x_wconf 73' lang='lat' dir='ltr'><strong>succinctus,</strong></span> <span class='ocrx_word' id='word_1_25' title='bbox 896 465 968 525; x_wconf 91' lang='lat' dir='ltr'><strong>inde</strong></span> <span class='ocrx_word' id='word_1_26' title='bbox 998 451 1102 526; x_wconf 82' lang='lat' dir='ltr'><strong>devol-</strong></span> 
     </span>
     <span class='ocr_line' id='line_1_5' title="bbox 78 545 1100 636; baseline -0.005 -21"><span class='ocrx_word' id='word_1_27' title='bbox 78 557 158 616; x_wconf 89' lang='lat' dir='ltr'><strong>vitur</strong></span> <span class='ocrx_word' id='word_1_28' title='bbox 180 555 216 615; x_wconf 93' lang='lat' dir='ltr'><strong>ad</strong></span> <span class='ocrx_word' id='word_1_29' title='bbox 240 555 439 636; x_wconf 72' lang='lat' dir='ltr'><strong>consularem,</strong></span> <span class='ocrx_word' id='word_1_30' title='bbox 472 573 540 615; x_wconf 94' lang='lat' dir='ltr'><strong>cum</strong></span> <span class='ocrx_word' id='word_1_31' title='bbox 569 571 626 632; x_wconf 91' lang='lat' dir='ltr'><strong>quo</strong></span> <span class='ocrx_word' id='word_1_32' title='bbox 656 571 743 632; x_wconf 90' lang='lat' dir='ltr'><strong>saepe</strong></span> <span class='ocrx_word' id='word_1_33' title='bbox 771 556 931 635; x_wconf 87' lang='lat' dir='ltr'><strong>repetitus,</strong></span> <span class='ocrx_word' id='word_1_34' title='bbox 964 545 1100 633; x_wconf 77' lang='lat' dir='ltr'><strong>quiade</strong></span> 
     </span>
     <span class='ocr_line' id='line_1_6' title="bbox 52 641 1100 725; baseline 0.003 -25"><span class='ocrx_word' id='word_1_35' title='bbox 52 643 187 705; x_wconf 80' lang='lat' dir='ltr'><strong>alitteris</strong></span> <span class='ocrx_word' id='word_1_36' title='bbox 210 644 313 725; x_wconf 90' lang='lat' dir='ltr'><strong>lactus,</strong></span> <span class='ocrx_word' id='word_1_37' title='bbox 340 644 376 704; x_wconf 93' lang='lat' dir='ltr'><strong>ad</strong></span> <span class='ocrx_word' id='word_1_38' title='bbox 399 646 495 704; x_wconf 88' lang='lat' dir='ltr'><strong>virum</strong></span> <span class='ocrx_word' id='word_1_39' title='bbox 518 641 677 703; x_wconf 88' lang='lat' dir='ltr'><strong>inlustrem</strong></span> <span class='ocrx_word' id='word_1_40' title='bbox 699 641 855 704; x_wconf 83' lang='lat' dir='ltr'><strong>Camillum</strong></span> <span class='ocrx_word' id='word_1_41' title='bbox 878 661 915 705; x_wconf 88' lang='lat' dir='ltr'><strong>eii</strong></span> <span class='ocrx_word' id='word_1_42' title='bbox 940 645 1100 704; x_wconf 78' lang='lat' dir='ltr'><strong>occasione</strong></span> 
     </span>
     <span class='ocr_line' id='line_1_7' title="bbox 77 728 1099 814; baseline -0.006 -20"><span class='ocrx_word' id='word_1_43' title='bbox 77 734 268 814; x_wconf 82' lang='lat' dir='ltr'><strong>transfertur,</strong></span> <span class='ocrx_word' id='word_1_44' title='bbox 300 735 332 793; x_wconf 93' lang='lat' dir='ltr'><strong>in</strong></span> <span class='ocrx_word' id='word_1_45' title='bbox 361 740 478 794; x_wconf 91' lang='lat' dir='ltr'><strong>tantum</strong></span> <span class='ocrx_word' id='word_1_46' title='bbox 504 738 537 792; x_wconf 91' lang='lat' dir='ltr'><strong>ut</strong></span> <span class='ocrx_word' id='word_1_47' title='bbox 564 731 678 792; x_wconf 88' lang='lat' dir='ltr'><strong>diceret</strong></span> <span class='ocrx_word' id='word_1_48' title='bbox 704 734 858 812; x_wconf 83' lang='lat' dir='ltr'><strong>princeps:</strong></span> <span class='ocrx_word' id='word_1_49' title='bbox 891 728 975 793; x_wconf 78' lang='lat' dir='ltr'><strong>‘vere</strong></span> <span class='ocrx_word' id='word_1_50' title='bbox 1004 731 1099 793; x_wconf 86' lang='lat' dir='ltr'><strong>habes</strong></span> 
     </span>
     <span class='ocr_line' id='line_1_8' title="bbox 77 819 1100 903; baseline -0.003 -20"><span class='ocrx_word' id='word_1_51' title='bbox 77 830 229 903; x_wconf 90' lang='lat' dir='ltr'><strong>patruum,</strong></span> <span class='ocrx_word' id='word_1_52' title='bbox 257 822 349 882; x_wconf 91' lang='lat' dir='ltr'><strong>frater</strong></span> <span class='ocrx_word' id='word_1_53' title='bbox 372 820 507 902; x_wconf 84' lang='lat' dir='ltr'><strong>Camillo,</strong></span> <span class='ocrx_word' id='word_1_54' title='bbox 534 827 657 900; x_wconf 91' lang='lat' dir='ltr'><strong>propter</strong></span> <span class='ocrx_word' id='word_1_55' title='bbox 685 839 774 899; x_wconf 89' lang='lat' dir='ltr'><strong>quem</strong></span> <span class='ocrx_word' id='word_1_56' title='bbox 802 839 850 881; x_wconf 92' lang='lat' dir='ltr'><strong>me</strong></span> <span class='ocrx_word' id='word_1_57' title='bbox 872 819 1006 882; x_wconf 89' lang='lat' dir='ltr'><strong>familiae</strong></span> <span class='ocrx_word' id='word_1_58' title='bbox 1030 829 1100 883; x_wconf 84' lang='lat' dir='ltr'><strong>tuae</strong></span> 
     </span>
     <span class='ocr_line' id='line_1_9' title="bbox 78 903 1102 991; baseline -0.001 -19"><span class='ocrx_word' id='word_1_59' title='bbox 78 910 264 972; x_wconf 90' lang='lat' dir='ltr'><strong>consulatum</strong></span> <span class='ocrx_word' id='word_1_60' title='bbox 300 929 393 971; x_wconf 93' lang='lat' dir='ltr'><strong>unum</strong></span> <span class='ocrx_word' id='word_1_61' title='bbox 426 909 557 989; x_wconf 83' lang='lat' dir='ltr'><strong>gratuler</strong></span> <span class='ocrx_word' id='word_1_62' title='bbox 593 905 777 970; x_wconf 86' lang='lat' dir='ltr'><strong>contulisse&#39;</strong></span> <span class='ocrx_word' id='word_1_63' title='bbox 831 917 903 971; x_wconf 85' lang='lat' dir='ltr'><strong>tunc</strong></span> <span class='ocrx_word' id='word_1_64' title='bbox 941 909 1009 991; x_wconf 89' lang='lat' dir='ltr'><strong>ille,</strong></span> <span class='ocrx_word' id='word_1_65' title='bbox 1048 903 1102 990; x_wconf 83' lang='lat' dir='ltr'><strong>qui</strong></span> 
     </span>
     <span class='ocr_line' id='line_1_10' title="bbox 79 995 1100 1081; baseline -0.003 -20"><span class='ocrx_word' id='word_1_66' title='bbox 79 999 175 1061; x_wconf 90' lang='lat' dir='ltr'><strong>simile</strong></span> <span class='ocrx_word' id='word_1_67' title='bbox 199 999 310 1078; x_wconf 90' lang='lat' dir='ltr'><strong>aliquid</strong></span> <span class='ocrx_word' id='word_1_68' title='bbox 334 1007 462 1080; x_wconf 90' lang='lat' dir='ltr'><strong>optaret,</strong></span> <span class='ocrx_word' id='word_1_69' title='bbox 489 1006 623 1079; x_wconf 90' lang='lat' dir='ltr'><strong>tempore</strong></span> <span class='ocrx_word' id='word_1_70' title='bbox 646 1001 779 1060; x_wconf 92' lang='lat' dir='ltr'><strong>invento:</strong></span> <span class='ocrx_word' id='word_1_71' title='bbox 807 995 879 1059; x_wconf 74' lang='lat' dir='ltr'><strong>‘non</strong></span> <span class='ocrx_word' id='word_1_72' title='bbox 904 996 1025 1081; x_wconf 92' lang='lat' dir='ltr'><strong>unum’,</strong></span> <span class='ocrx_word' id='word_1_73' title='bbox 1052 1003 1100 1060; x_wconf 84' lang='lat' dir='ltr'><strong>in·</strong></span> 
     </span>
     <span class='ocr_line' id='line_1_11' title="bbox 39 1083 1103 1170; baseline 0.002 -24"><span class='ocrx_word' id='word_1_74' title='bbox 39 1107 65 1146; x_wconf 85' lang='lat' dir='ltr'><strong>io</strong></span> <span class='ocrx_word' id='word_1_75' title='bbox 80 1092 152 1170; x_wconf 92' lang='lat' dir='ltr'><strong>quit,</strong></span> <span class='ocrx_word' id='word_1_76' title='bbox 176 1085 308 1149; x_wconf 75' lang='lat' dir='ltr'><strong>‘domine</strong></span> <span class='ocrx_word' id='word_1_77' title='bbox 331 1089 470 1170; x_wconf 80' lang='lat' dir='ltr'><strong>Auguste,</strong></span> <span class='ocrx_word' id='word_1_78' title='bbox 499 1088 551 1149; x_wconf 94' lang='lat' dir='ltr'><strong>sed</strong></span> <span class='ocrx_word' id='word_1_79' title='bbox 573 1083 725 1167; x_wconf 91' lang='lat' dir='ltr'><strong>primum&#39;.</strong></span> <span class='ocrx_word' id='word_1_80' title='bbox 772 1106 888 1148; x_wconf 92' lang='lat' dir='ltr'><strong>summo</strong></span> <span class='ocrx_word' id='word_1_81' title='bbox 911 1087 1045 1170; x_wconf 82' lang='lat' dir='ltr'><strong>fragore,</strong></span> <span class='ocrx_word' id='word_1_82' title='bbox 1067 1087 1103 1148; x_wconf 78' lang='lat' dir='ltr'><strong>ut</strong></span> 
     </span>
     <span class='ocr_line' id='line_1_12' title="bbox 78 1176 1104 1258; baseline -0.005 -20"><span class='ocrx_word' id='word_1_83' title='bbox 78 1196 134 1238; x_wconf 91' lang='lat' dir='ltr'><strong>nec</strong></span> <span class='ocrx_word' id='word_1_84' title='bbox 161 1178 286 1257; x_wconf 84' lang='lat' dir='ltr'><strong>Augusti</strong></span> <span class='ocrx_word' id='word_1_85' title='bbox 313 1180 480 1238; x_wconf 83' lang='lat' dir='ltr'><strong>reverentia</strong></span> <span class='ocrx_word' id='word_1_86' title='bbox 508 1176 681 1258; x_wconf 87' lang='lat' dir='ltr'><strong>obsisteret,</strong></span> <span class='ocrx_word' id='word_1_87' title='bbox 713 1183 835 1256; x_wconf 84' lang='lat' dir='ltr'><strong>excepta</strong></span> <span class='ocrx_word' id='word_1_88' title='bbox 864 1180 1016 1238; x_wconf 89' lang='lat' dir='ltr'><strong>sententia</strong></span> <span class='ocrx_word' id='word_1_89' title='bbox 1046 1179 1104 1238; x_wconf 89' lang='lat' dir='ltr'><strong>est.</strong></span> 
     </span>
     <span class='ocr_line' id='line_1_13' title="bbox 80 1265 1105 1346; baseline 0 -18"><span class='ocrx_word' id='word_1_90' title='bbox 80 1265 129 1328; x_wconf 84' lang='grc'><strong>12.</strong></span> <span class='ocrx_word' id='word_1_91' title='bbox 153 1267 222 1328; x_wconf 91' lang='lat' dir='ltr'><strong>inde</strong></span> <span class='ocrx_word' id='word_1_92' title='bbox 252 1269 354 1328; x_wconf 92' lang='lat' dir='ltr'><strong>nescio</strong></span> <span class='ocrx_word' id='word_1_93' title='bbox 385 1267 456 1346; x_wconf 89' lang='lat' dir='ltr'><strong>quid</strong></span> <span class='ocrx_word' id='word_1_94' title='bbox 484 1266 643 1326; x_wconf 80' lang='lat' dir='ltr'><strong>Athenium</strong></span> <span class='ocrx_word' id='word_1_95' title='bbox 675 1269 863 1346; x_wconf 92' lang='lat' dir='ltr'><strong>interrogans</strong></span> <span class='ocrx_word' id='word_1_96' title='bbox 892 1269 1105 1346; x_wconf 83' lang='lat' dir='ltr'><strong>superiectum</strong></span> 
     </span>
     <span class='ocr_line' id='line_1_14' title="bbox 77 1355 1107 1436; baseline -0.007 -19"><span class='ocrx_word' id='word_1_97' title='bbox 77 1356 238 1418; x_wconf 90' lang='lat' dir='ltr'><strong>Paeonium</strong></span> <span class='ocrx_word' id='word_1_98' title='bbox 257 1355 443 1436; x_wconf 82' lang='lat' dir='ltr'><strong>compellatio</strong></span> <span class='ocrx_word' id='word_1_99' title='bbox 461 1356 592 1434; x_wconf 90' lang='lat' dir='ltr'><strong>Augusta</strong></span> <span class='ocrx_word' id='word_1_100' title='bbox 615 1357 779 1435; x_wconf 90' lang='lat' dir='ltr'><strong>praeteriit,</strong></span> <span class='ocrx_word' id='word_1_101' title='bbox 801 1373 873 1416; x_wconf 92' lang='lat' dir='ltr'><strong>casu</strong></span> <span class='ocrx_word' id='word_1_102' title='bbox 891 1373 929 1415; x_wconf 91' lang='lat' dir='ltr'><strong>an</strong></span> <span class='ocrx_word' id='word_1_103' title='bbox 949 1355 1107 1417; x_wconf 89' lang='lat' dir='ltr'><strong>industria</strong></span> 
     </span>
     <span class='ocr_line' id='line_1_15' title="bbox 78 1436 1108 1526; baseline -0.005 -21"><span class='ocrx_word' id='word_1_104' title='bbox 78 1447 191 1525; x_wconf 90' lang='lat' dir='ltr'><strong>ignoro.</strong></span> <span class='ocrx_word' id='word_1_105' title='bbox 238 1446 316 1525; x_wconf 91' lang='lat' dir='ltr'><strong>quod</strong></span> <span class='ocrx_word' id='word_1_106' title='bbox 340 1464 408 1506; x_wconf 86' lang='lat' dir='ltr'><strong>curn</strong></span> <span class='ocrx_word' id='word_1_107' title='bbox 431 1446 560 1524; x_wconf 90' lang='lat' dir='ltr'><strong>turpiter</strong></span> <span class='ocrx_word' id='word_1_108' title='bbox 581 1443 728 1505; x_wconf 91' lang='lat' dir='ltr'><strong>Paeonius</strong></span> <span class='ocrx_word' id='word_1_109' title='bbox 753 1462 840 1523; x_wconf 91' lang='lat' dir='ltr'><strong>aegre</strong></span> <span class='ocrx_word' id='word_1_110' title='bbox 863 1443 993 1526; x_wconf 90' lang='lat' dir='ltr'><strong>tulisset,</strong></span> <span class='ocrx_word' id='word_1_111' title='bbox 1020 1436 1108 1525; x_wconf 88' lang='lat' dir='ltr'><strong>quod</strong></span> 
     </span>
     <span class='ocr_line' id='line_1_16' title="bbox 40 1533 1108 1615; baseline 0.004 -26"><span class='ocrx_word' id='word_1_112' title='bbox 40 1548 65 1589; x_wconf 91' lang='lat'><strong>15</strong></span> <span class='ocrx_word' id='word_1_113' title='bbox 78 1534 134 1595; x_wconf 91' lang='lat' dir='ltr'><strong>fuit</strong></span> <span class='ocrx_word' id='word_1_114' title='bbox 148 1537 275 1615; x_wconf 90' lang='lat' dir='ltr'><strong>turpius,</strong></span> <span class='ocrx_word' id='word_1_115' title='bbox 290 1534 464 1614; x_wconf 87' lang='lat' dir='ltr'><strong>compellato</strong></span> <span class='ocrx_word' id='word_1_116' title='bbox 478 1539 595 1594; x_wconf 90' lang='lat' dir='ltr'><strong>tacente</strong></span> <span class='ocrx_word' id='word_1_117' title='bbox 610 1533 771 1612; x_wconf 92' lang='lat' dir='ltr'><strong>respondit.</strong></span> <span class='ocrx_word' id='word_1_118' title='bbox 801 1533 925 1594; x_wconf 87' lang='lat' dir='ltr'><strong>subrisit</strong></span> <span class='ocrx_word' id='word_1_119' title='bbox 934 1533 1108 1612; x_wconf 75' lang='lat' dir='ltr'><strong>AugustuS,</strong></span> 
     </span>
     <span class='ocr_line' id='line_1_17' title="bbox 77 1622 1108 1704; baseline -0.002 -21"><span class='ocrx_word' id='word_1_120' title='bbox 77 1632 111 1683; x_wconf 93' lang='lat' dir='ltr'><strong>ut</strong></span> <span class='ocrx_word' id='word_1_121' title='bbox 134 1630 197 1684; x_wconf 91' lang='lat' dir='ltr'><strong>erat</strong></span> <span class='ocrx_word' id='word_1_122' title='bbox 220 1625 395 1684; x_wconf 91' lang='lat' dir='ltr'><strong>auctoritate</strong></span> <span class='ocrx_word' id='word_1_123' title='bbox 419 1629 546 1704; x_wconf 83' lang='lat' dir='ltr'><strong>servata,</strong></span> <span class='ocrx_word' id='word_1_124' title='bbox 575 1640 643 1683; x_wconf 87' lang='lat' dir='ltr'><strong>curn</strong></span> <span class='ocrx_word' id='word_1_125' title='bbox 671 1641 703 1682; x_wconf 93' lang='lat' dir='ltr'><strong>se</strong></span> <span class='ocrx_word' id='word_1_126' title='bbox 727 1624 930 1683; x_wconf 91' lang='lat' dir='ltr'><strong>communioni</strong></span> <span class='ocrx_word' id='word_1_127' title='bbox 954 1622 1108 1698; x_wconf 86' lang='lat' dir='ltr'><strong>dedisset,</strong></span> 
     </span>
     <span class='ocr_line' id='line_1_18' title="bbox 78 1711 1108 1793; baseline -0.003 -22"><span class='ocrx_word' id='word_1_128' title='bbox 78 1714 136 1773; x_wconf 89' lang='lat' dir='ltr'><strong>ioci</strong></span> <span class='ocrx_word' id='word_1_129' title='bbox 150 1712 265 1793; x_wconf 87' lang='lat' dir='ltr'><strong>plenus,</strong></span> <span class='ocrx_word' id='word_1_130' title='bbox 288 1730 342 1790; x_wconf 93' lang='lat' dir='ltr'><strong>per</strong></span> <span class='ocrx_word' id='word_1_131' title='bbox 361 1730 450 1790; x_wconf 88' lang='lat' dir='ltr'><strong>quem</strong></span> <span class='ocrx_word' id='word_1_132' title='bbox 468 1711 645 1772; x_wconf 80' lang='lat' dir='ltr'><strong>cachinnum</strong></span> <span class='ocrx_word' id='word_1_133' title='bbox 659 1730 719 1772; x_wconf 94' lang='lat' dir='ltr'><strong>non</strong></span> <span class='ocrx_word' id='word_1_134' title='bbox 734 1713 833 1772; x_wconf 90' lang='lat' dir='ltr'><strong>minus</strong></span> <span class='ocrx_word' id='word_1_135' title='bbox 848 1711 955 1789; x_wconf 89' lang='lat' dir='ltr'><strong>obtigit</strong></span> <span class='ocrx_word' id='word_1_136' title='bbox 968 1711 1108 1773; x_wconf 85' lang='lat' dir='ltr'><strong>Athenio</strong></span> 
     </span>
     <span class='ocr_line' id='line_1_19' title="bbox 78 1800 1108 1880; baseline -0.002 -20"><span class='ocrx_word' id='word_1_137' title='bbox 78 1801 239 1880; x_wconf 86' lang='lat' dir='ltr'><strong>vindictae,</strong></span> <span class='ocrx_word' id='word_1_138' title='bbox 268 1818 356 1880; x_wconf 91' lang='lat' dir='ltr'><strong>quam</strong></span> <span class='ocrx_word' id='word_1_139' title='bbox 380 1802 553 1880; x_wconf 89' lang='lat' dir='ltr'><strong>contigisset</strong></span> <span class='ocrx_word' id='word_1_140' title='bbox 576 1802 711 1861; x_wconf 87' lang='lat' dir='ltr'><strong>iniuriae.</strong></span> <span class='ocrx_word' id='word_1_141' title='bbox 759 1800 870 1880; x_wconf 91' lang='lat' dir='ltr'><strong>colligit</strong></span> <span class='ocrx_word' id='word_1_142' title='bbox 896 1803 1000 1879; x_wconf 88' lang='lat' dir='ltr'><strong>itaque</strong></span> <span class='ocrx_word' id='word_1_143' title='bbox 1032 1814 1108 1863; x_wconf 81' lang='lat' dir='ltr'><strong>sese</strong></span> 
     </span>
     <span class='ocr_line' id='line_1_20' title="bbox 77 1888 1108 1970; baseline 0.002 -21"><span class='ocrx_word' id='word_1_144' title='bbox 77 1888 302 1950; x_wconf 90' lang='lat' dir='ltr'><strong>trebacissimus</strong></span> <span class='ocrx_word' id='word_1_145' title='bbox 326 1907 416 1950; x_wconf 83' lang='lat' dir='ltr'><strong>senex</strong></span> <span class='ocrx_word' id='word_1_146' title='bbox 445 1896 487 1970; x_wconf 93' lang='lat' dir='ltr'><strong>et,</strong></span> <span class='ocrx_word' id='word_1_147' title='bbox 515 1897 548 1950; x_wconf 89' lang='lat' dir='ltr'><strong>ut</strong></span> <span class='ocrx_word' id='word_1_148' title='bbox 576 1908 695 1968; x_wconf 90' lang='lat' dir='ltr'><strong>semper</strong></span> <span class='ocrx_word' id='word_1_149' title='bbox 722 1892 904 1950; x_wconf 90' lang='lat' dir='ltr'><strong>intrinsecus</strong></span> <span class='ocrx_word' id='word_1_150' title='bbox 932 1896 1021 1950; x_wconf 89' lang='lat' dir='ltr'><strong>aestu</strong></span> <span class='ocrx_word' id='word_1_151' title='bbox 1045 1909 1108 1970; x_wconf 56' lang='lat' dir='ltr'><strong>pu‘</strong></span> 
     </span>
     <span class='ocr_line' id='line_1_21' title="bbox 40 1974 1108 2060; baseline 0.005 -26"><span class='ocrx_word' id='word_1_152' title='bbox 40 1995 67 2034; x_wconf 79' lang='lat' dir='ltr'><strong>so</strong></span> <span class='ocrx_word' id='word_1_153' title='bbox 81 1978 162 2039; x_wconf 93' lang='lat' dir='ltr'><strong>doris</strong></span> <span class='ocrx_word' id='word_1_154' title='bbox 186 1978 419 2060; x_wconf 84' lang='lat' dir='ltr'><strong>excoquebatur,</strong></span> <span class='ocrx_word' id='word_1_155' title='bbox 447 1997 500 2038; x_wconf 90' lang='lat' dir='ltr'><strong>cnr</strong></span> <span class='ocrx_word' id='word_1_156' title='bbox 524 1979 581 2039; x_wconf 93' lang='lat' dir='ltr'><strong>sihi</strong></span> <span class='ocrx_word' id='word_1_157' title='bbox 604 1978 750 2040; x_wconf 88' lang='lat' dir='ltr'><strong>Paeonius</strong></span> <span class='ocrx_word' id='word_1_158' title='bbox 778 1978 992 2056; x_wconf 85' lang='lat' dir='ltr'><strong>anteferretur:</strong></span> <span class='ocrx_word' id='word_1_159' title='bbox 1026 1974 1108 2039; x_wconf 74' lang='lat' dir='ltr'><strong>‘non</strong></span> 
     </span>
     <span class='ocr_line' id='line_1_22' title="bbox 77 2063 1106 2149; baseline -0.001 -22"><span class='ocrx_word' id='word_1_160' title='bbox 77 2063 192 2149; x_wconf 92' lang='lat' dir='ltr'><strong>miror’,</strong></span> <span class='ocrx_word' id='word_1_161' title='bbox 215 2069 325 2148; x_wconf 92' lang='lat' dir='ltr'><strong>inquit,</strong></span> <span class='ocrx_word' id='word_1_162' title='bbox 349 2063 505 2147; x_wconf 66' lang='lat' dir='ltr'><strong>eAuguste,</strong></span> <span class='ocrx_word' id='word_1_163' title='bbox 533 2070 559 2128; x_wconf 93' lang='lat' dir='ltr'><strong>si</strong></span> <span class='ocrx_word' id='word_1_164' title='bbox 581 2067 655 2128; x_wconf 93' lang='lat' dir='ltr'><strong>mihi</strong></span> <span class='ocrx_word' id='word_1_165' title='bbox 678 2067 776 2128; x_wconf 91' lang='lat' dir='ltr'><strong>standi</strong></span> <span class='ocrx_word' id='word_1_166' title='bbox 799 2067 897 2127; x_wconf 90' lang='lat' dir='ltr'><strong>locum</strong></span> <span class='ocrx_word' id='word_1_167' title='bbox 919 2069 1106 2147; x_wconf 77' lang='lat' dir='ltr'><strong>praeripere</strong></span> 
     </span>
     <span class='ocr_line' id='line_1_23' title="bbox 79 2153 1108 2238; baseline -0.004 -21"><span class='ocrx_word' id='word_1_168' title='bbox 79 2163 211 2238; x_wconf 87' lang='lat' dir='ltr'><strong>conetur,</strong></span> <span class='ocrx_word' id='word_1_169' title='bbox 235 2159 287 2235; x_wconf 94' lang='lat' dir='ltr'><strong>qui</strong></span> <span class='ocrx_word' id='word_1_170' title='bbox 308 2156 365 2216; x_wconf 90' lang='lat' dir='ltr'><strong>tibi</strong></span> <span class='ocrx_word' id='word_1_171' title='bbox 387 2156 527 2217; x_wconf 81' lang='lat' dir='ltr'><strong>invadere</strong></span> <span class='ocrx_word' id='word_1_172' title='bbox 550 2175 610 2217; x_wconf 91' lang='lat' dir='ltr'><strong>non</strong></span> <span class='ocrx_word' id='word_1_173' title='bbox 630 2156 781 2217; x_wconf 90' lang='lat' dir='ltr'><strong>erubescit</strong></span> <span class='ocrx_word' id='word_1_174' title='bbox 799 2155 949 2235; x_wconf 91' lang='lat' dir='ltr'><strong>loquendi.</strong></span> <span class='ocrx_word' id='word_1_175' title='bbox 990 2153 1043 2218; x_wconf 87' lang='grc'><strong>13.</strong></span> <span class='ocrx_word' id='word_1_176' title='bbox 1069 2159 1108 2216; x_wconf 86' lang='lat' dir='ltr'><strong>et</strong></span> 
     </span>
     <span class='ocr_line' id='line_1_24' title="bbox 76 2240 1106 2326; baseline 0.001 -21"><span class='ocrx_word' id='word_1_177' title='bbox 76 2248 122 2306; x_wconf 80' lang='lat' dir='ltr'><strong>vir</strong></span> <span class='ocrx_word' id='word_1_178' title='bbox 144 2245 270 2307; x_wconf 88' lang='lat' dir='ltr'><strong>illustris</strong></span> <span class='ocrx_word' id='word_1_179' title='bbox 294 2244 510 2307; x_wconf 89' lang='lat' dir='ltr'><strong>Gratianensis:</strong></span> <span class='ocrx_word' id='word_1_180' title='bbox 538 2242 682 2326; x_wconf 76' lang='lat' dir='ltr'><strong>‘multus&#39;,</strong></span> <span class='ocrx_word' id='word_1_181' title='bbox 705 2247 812 2326; x_wconf 91' lang='lat' dir='ltr'><strong>inquit,</strong></span> <span class='ocrx_word' id='word_1_182' title='bbox 835 2240 903 2305; x_wconf 68' lang='lat' dir='ltr'><strong>‘hoc</strong></span> <span class='ocrx_word' id='word_1_183' title='bbox 926 2246 1026 2324; x_wconf 92' lang='lat' dir='ltr'><strong>iurgio</strong></span> <span class='ocrx_word' id='word_1_184' title='bbox 1053 2263 1106 2306; x_wconf 52' lang='lat' dir='ltr'><strong>sa*</strong></span> 
     </span>
     <span class='ocr_line' id='line_1_25' title="bbox 77 2329 1105 2415; baseline -0.001 -20"><span class='ocrx_word' id='word_1_185' title='bbox 77 2337 172 2396; x_wconf 90' lang='lat' dir='ltr'><strong>tiricis</strong></span> <span class='ocrx_word' id='word_1_186' title='bbox 203 2354 325 2415; x_wconf 89' lang='lat' dir='ltr'><strong>campus</strong></span> <span class='ocrx_word' id='word_1_187' title='bbox 356 2329 509 2414; x_wconf 67' lang='lat' dir='ltr'><strong>aperitur?</strong></span> <span class='ocrx_word' id='word_1_188' title='bbox 553 2335 602 2395; x_wconf 96' lang='lat' dir='ltr'><strong>hic</strong></span> <span class='ocrx_word' id='word_1_189' title='bbox 634 2337 796 2413; x_wconf 90' lang='lat' dir='ltr'><strong>imperator</strong></span> <span class='ocrx_word' id='word_1_190' title='bbox 828 2333 864 2394; x_wconf 91' lang='lat' dir='ltr'><strong>ad</strong></span> <span class='ocrx_word' id='word_1_191' title='bbox 896 2351 944 2393; x_wconf 92' lang='lat' dir='ltr'><strong>me</strong></span> <span class='ocrx_word' id='word_1_192' title='bbox 978 2337 1105 2396; x_wconf 78' lang='lat' dir='ltr'><strong>cervice</strong></span> 
     </span>
     <span class='ocr_line' id='line_1_26' title="bbox 38 2418 1103 2505; baseline 0.001 -25"><span class='ocrx_word' id='word_1_193' title='bbox 38 2439 232 2486; x_wconf 76' lang='lat' dir='ltr'><strong>reconversa:</strong></span> <span class='ocrx_word' id='word_1_194' title='bbox 256 2418 377 2505; x_wconf 77' lang='lat' dir='ltr'><strong>‘audio&#39;,</strong></span> <span class='ocrx_word' id='word_1_195' title='bbox 396 2426 445 2505; x_wconf 92' lang='lat' dir='ltr'><strong>ait,</strong></span> <span class='ocrx_word' id='word_1_196' title='bbox 464 2419 575 2484; x_wconf 76' lang='lat' dir='ltr'><strong>‘comes</strong></span> <span class='ocrx_word' id='word_1_197' title='bbox 591 2424 703 2503; x_wconf 88' lang='lat' dir='ltr'><strong>Sidoni,</strong></span> <span class='ocrx_word' id='word_1_198' title='bbox 723 2423 801 2502; x_wconf 89' lang='lat' dir='ltr'><strong>quod</strong></span> <span class='ocrx_word' id='word_1_199' title='bbox 821 2425 942 2483; x_wconf 90' lang='lat' dir='ltr'><strong>satiram</strong></span> <span class='ocrx_word' id='word_1_200' title='bbox 957 2418 1103 2484; x_wconf 87' lang='lat' dir='ltr'><strong>scribas&#39;.</strong></span> 
     </span>
     <span class='ocr_line' id='line_1_27' title="bbox 77 2507 1102 2595; baseline -0.002 -21"><span class='ocrx_word' id='word_1_201' title='bbox 77 2509 120 2573; x_wconf 77' lang='lat' dir='ltr'><strong>‘et</strong></span> <span class='ocrx_word' id='word_1_202' title='bbox 143 2509 218 2595; x_wconf 87' lang='lat' dir='ltr'><strong>ego&#39;,</strong></span> <span class='ocrx_word' id='word_1_203' title='bbox 241 2515 371 2594; x_wconf 89' lang='lat' dir='ltr'><strong>inquam,</strong></span> <span class='ocrx_word' id='word_1_204' title='bbox 395 2508 461 2573; x_wconf 74' lang='lat' dir='ltr'><strong>‘hoc</strong></span> <span class='ocrx_word' id='word_1_205' title='bbox 480 2513 577 2594; x_wconf 89' lang='lat' dir='ltr'><strong>audio,</strong></span> <span class='ocrx_word' id='word_1_206' title='bbox 600 2512 719 2573; x_wconf 92' lang='lat' dir='ltr'><strong>domine</strong></span> <span class='ocrx_word' id='word_1_207' title='bbox 738 2507 899 2592; x_wconf 65' lang='lat' dir='ltr'><strong>princeps?</strong></span> <span class='ocrx_word' id='word_1_208' title='bbox 937 2518 1010 2572; x_wconf 89' lang='lat' dir='ltr'><strong>tuno</strong></span> <span class='ocrx_word' id='word_1_209' title='bbox 1036 2512 1102 2593; x_wconf 90' lang='lat' dir='ltr'><strong>ille,</strong></span> 
     </span>
     <span class='ocr_line' id='line_1_28' title="bbox 78 2596 1101 2682; baseline -0.001 -20"><span class='ocrx_word' id='word_1_210' title='bbox 78 2602 130 2662; x_wconf 87' lang='lat' dir='ltr'><strong>sed</strong></span> <span class='ocrx_word' id='word_1_211' title='bbox 154 2602 268 2663; x_wconf 87' lang='lat' dir='ltr'><strong>ridens:</strong></span> <span class='ocrx_word' id='word_1_212' title='bbox 293 2598 391 2681; x_wconf 75' lang='lat' dir='ltr'><strong>‘parce</strong></span> <span class='ocrx_word' id='word_1_213' title='bbox 411 2601 457 2662; x_wconf 92' lang='lat' dir='ltr'><strong>vel</strong></span> <span class='ocrx_word' id='word_1_214' title='bbox 476 2598 583 2662; x_wconf 87' lang='lat' dir='ltr'><strong>nobis&#39;</strong></span> <span class='ocrx_word' id='word_1_215' title='bbox 630 2598 671 2662; x_wconf 75' lang='lat' dir='ltr'><strong>‘at</strong></span> <span class='ocrx_word' id='word_1_216' title='bbox 690 2597 767 2682; x_wconf 91' lang='lat' dir='ltr'><strong>ego’,</strong></span> <span class='ocrx_word' id='word_1_217' title='bbox 790 2603 920 2682; x_wconf 88' lang='lat' dir='ltr'><strong>inquam,</strong></span> <span class='ocrx_word' id='word_1_218' title='bbox 944 2596 1039 2679; x_wconf 77' lang='lat' dir='ltr'><strong>‘quod</strong></span> <span class='ocrx_word' id='word_1_219' title='bbox 1059 2600 1101 2661; x_wconf 90' lang='lat' dir='ltr'><strong>ab</strong></span> 
     </span>
     <span class='ocr_line' id='line_1_29' title="bbox 77 2683 1099 2772; baseline 0 -22"><span class='ocrx_word' id='word_1_220' title='bbox 77 2691 200 2752; x_wconf 89' lang='lat' dir='ltr'><strong>inlicitis</strong></span> <span class='ocrx_word' id='word_1_221' title='bbox 223 2683 375 2772; x_wconf 85' lang='lat' dir='ltr'><strong>tempero,</strong></span> <span class='ocrx_word' id='word_1_222' title='bbox 403 2690 477 2751; x_wconf 91' lang='lat' dir='ltr'><strong>mihi</strong></span> <span class='ocrx_word' id='word_1_223' title='bbox 504 2684 615 2769; x_wconf 87' lang='lat' dir='ltr'><strong>parco&#39;</strong></span> <span class='ocrx_word' id='word_1_224' title='bbox 659 2698 729 2769; x_wconf 89' lang='lat' dir='ltr'><strong>post</strong></span> <span class='ocrx_word' id='word_1_225' title='bbox 756 2708 830 2768; x_wconf 92' lang='lat' dir='ltr'><strong>quae</strong></span> <span class='ocrx_word' id='word_1_226' title='bbox 858 2688 921 2749; x_wconf 89' lang='lat' dir='ltr'><strong>ille:</strong></span> <span class='ocrx_word' id='word_1_227' title='bbox 950 2685 993 2750; x_wconf 76' lang='lat' dir='ltr'><strong>‘et</strong></span> <span class='ocrx_word' id='word_1_228' title='bbox 1022 2689 1099 2770; x_wconf 91' lang='lat' dir='ltr'><strong>quid</strong></span> 
     </span>
     <span class='ocr_line' id='line_1_30' title="bbox 78 2773 1099 2860; baseline 0 -21"><span class='ocrx_word' id='word_1_229' title='bbox 78 2780 219 2840; x_wconf 88' lang='lat' dir='ltr'><strong>faciemus</strong></span> <span class='ocrx_word' id='word_1_230' title='bbox 242 2777 313 2860; x_wconf 90' lang='lat' dir='ltr'><strong>his’,</strong></span> <span class='ocrx_word' id='word_1_231' title='bbox 336 2781 442 2860; x_wconf 90' lang='lat' dir='ltr'><strong>inquit,</strong></span> <span class='ocrx_word' id='word_1_232' title='bbox 466 2776 577 2858; x_wconf 79' lang='lat' dir='ltr'><strong>‘quite</strong></span> <span class='ocrx_word' id='word_1_233' title='bbox 596 2773 779 2840; x_wconf 74' lang='lat' dir='ltr'><strong>lacessunt‘f&#39;</strong></span> <span class='ocrx_word' id='word_1_234' title='bbox 803 2786 833 2839; x_wconf 90' lang='lat' dir='ltr'><strong>et</strong></span> <span class='ocrx_word' id='word_1_235' title='bbox 852 2796 920 2857; x_wconf 90' lang='lat' dir='ltr'><strong>ego:</strong></span> <span class='ocrx_word' id='word_1_236' title='bbox 944 2773 1099 2858; x_wconf 76' lang='lat' dir='ltr'><strong>‘quisquis</strong></span> 
     </span>
     <span class='ocr_line' id='line_1_31' title="bbox 38 2867 1095 2949; baseline 0.003 -24"><span class='ocrx_word' id='word_1_237' title='bbox 38 2884 65 2925; x_wconf 86' lang='lat' dir='ltr'><strong>so</strong></span> <span class='ocrx_word' id='word_1_238' title='bbox 78 2875 124 2928; x_wconf 92' lang='lat' dir='ltr'><strong>est</strong></span> <span class='ocrx_word' id='word_1_239' title='bbox 145 2871 212 2949; x_wconf 92' lang='lat' dir='ltr'><strong>iste,</strong></span> <span class='ocrx_word' id='word_1_240' title='bbox 240 2868 358 2928; x_wconf 91' lang='lat' dir='ltr'><strong>domine</strong></span> <span class='ocrx_word' id='word_1_241' title='bbox 382 2871 553 2949; x_wconf 87' lang='lat' dir='ltr'><strong>imperator,</strong></span> <span class='ocrx_word' id='word_1_242' title='bbox 580 2867 698 2948; x_wconf 91' lang='lat' dir='ltr'><strong>publice</strong></span> <span class='ocrx_word' id='word_1_243' title='bbox 724 2874 855 2929; x_wconf 90' lang='lat' dir='ltr'><strong>accuset:</strong></span> <span class='ocrx_word' id='word_1_244' title='bbox 884 2869 910 2927; x_wconf 88' lang='lat' dir='ltr'><strong>si</strong></span> <span class='ocrx_word' id='word_1_245' title='bbox 938 2867 1095 2946; x_wconf 91' lang='lat' dir='ltr'><strong>redargui-</strong></span> 
     </span>
     <span class='ocr_line' id='line_1_32' title="bbox 77 2956 1097 3039; baseline -0.001 -22"><span class='ocrx_word' id='word_1_246' title='bbox 77 2975 153 3037; x_wconf 95' lang='lat' dir='ltr'><strong>mur,</strong></span> <span class='ocrx_word' id='word_1_247' title='bbox 178 2956 276 3017; x_wconf 91' lang='lat' dir='ltr'><strong>debita</strong></span> <span class='ocrx_word' id='word_1_248' title='bbox 298 2956 414 3018; x_wconf 92' lang='lat' dir='ltr'><strong>luamus</strong></span> <span class='ocrx_word' id='word_1_249' title='bbox 439 2957 583 3036; x_wconf 90' lang='lat' dir='ltr'><strong>supplicia</strong></span> <span class='ocrx_word' id='word_1_250' title='bbox 607 2959 747 3039; x_wconf 73' lang='lat' dir='ltr'><strong>convicti,</strong></span> <span class='ocrx_word' id='word_1_251' title='bbox 771 2964 904 3018; x_wconf 90' lang='lat' dir='ltr'><strong>ceterum</strong></span> <span class='ocrx_word' id='word_1_252' title='bbox 928 2956 1045 3017; x_wconf 90' lang='lat' dir='ltr'><strong>obiecta</strong></span> <span class='ocrx_word' id='word_1_253' title='bbox 1069 2959 1097 3016; x_wconf 89' lang='lat' dir='ltr'><strong>si</strong></span> 
     </span>
     <span class='ocr_line' id='line_1_33' title="bbox 77 3044 1093 3128; baseline -0.001 -22"><span class='ocrx_word' id='word_1_254' title='bbox 77 3063 137 3106; x_wconf 93' lang='lat' dir='ltr'><strong>non</strong></span> <span class='ocrx_word' id='word_1_255' title='bbox 156 3045 383 3125; x_wconf 88' lang='lat' dir='ltr'><strong>inprobabiliter</strong></span> <span class='ocrx_word' id='word_1_256' title='bbox 401 3048 625 3127; x_wconf 90' lang='lat' dir='ltr'><strong>cassaverimus,</strong></span> <span class='ocrx_word' id='word_1_257' title='bbox 645 3065 706 3128; x_wconf 89' lang='lat' dir='ltr'><strong>oro,</strong></span> <span class='ocrx_word' id='word_1_258' title='bbox 729 3053 762 3107; x_wconf 94' lang='lat' dir='ltr'><strong>ut</strong></span> <span class='ocrx_word' id='word_1_259' title='bbox 781 3045 898 3106; x_wconf 92' lang='lat' dir='ltr'><strong>indultu</strong></span> <span class='ocrx_word' id='word_1_260' title='bbox 917 3044 1093 3107; x_wconf 87' lang='lat' dir='ltr'><strong>clementiae</strong></span> 
     </span>
    </p>
   </div>
   <div class='ocr_carea' id='block_1_3' title="bbox 76 3216 1094 3443">
    <p class='ocr_par' dir='ltr' id='par_1_3' title="bbox 76 3216 1094 3443">
     <span class='ocr_line' id='line_1_34' title="bbox 150 3216 1093 3290; baseline 0.002 -20"><span class='ocrx_word' id='word_1_261' title='bbox 150 3221 164 3270; x_wconf 89' lang='lat'>1</span> <span class='ocrx_word' id='word_1_262' title='bbox 184 3216 296 3270; x_wconf 87' lang='lat' dir='ltr'><strong>laevum</strong></span> <span class='ocrx_word' id='word_1_263' title='bbox 315 3216 391 3271; x_wconf 89' lang='lat' dir='ltr'><strong>latus</strong></span> <span class='ocrx_word' id='word_1_264' title='bbox 412 3218 455 3286; x_wconf 75' lang='grc' dir='ltr'><strong>ΟΙΙ</strong></span> <span class='ocrx_word' id='word_1_265' title='bbox 475 3223 508 3271; x_wconf 86' lang='grc'><strong>10</strong></span> <span class='ocrx_word' id='word_1_266' title='bbox 523 3224 587 3288; x_wconf 83' lang='lat' dir='ltr'><strong>post</strong></span> <span class='ocrx_word' id='word_1_267' title='bbox 604 3217 715 3288; x_wconf 81' lang='lat' dir='ltr'><strong>fragore</strong></span> <span class='ocrx_word' id='word_1_268' title='bbox 735 3220 783 3290; x_wconf 77' lang='lat' dir='ltr'><strong>leg.</strong></span> <span class='ocrx_word' id='word_1_269' title='bbox 803 3217 846 3272; x_wconf 87' lang='lat' dir='ltr'><strong>ita</strong></span> <span class='ocrx_word' id='word_1_270' title='bbox 863 3219 895 3273; x_wconf 79' lang='lat' dir='ltr'><strong>io</strong></span> <span class='ocrx_word' id='word_1_271' title='bbox 914 3217 941 3272; x_wconf 84' lang='grc' dir='ltr'><strong><em>Τ</em></strong></span> <span class='ocrx_word' id='word_1_272' title='bbox 959 3219 968 3287; x_wconf 86' lang='grc' dir='ltr'><strong>ΙΙ</strong></span> <span class='ocrx_word' id='word_1_273' title='bbox 991 3221 1024 3271; x_wconf 78' lang='lat' dir='ltr'><strong>ii</strong></span> <span class='ocrx_word' id='word_1_274' title='bbox 1045 3233 1093 3286; x_wconf 84' lang='lat' dir='ltr'><strong>op·</strong></span> 
     </span>
     <span class='ocr_line' id='line_1_35' title="bbox 76 3286 1094 3360; baseline -0.001 -18"><span class='ocrx_word' id='word_1_275' title='bbox 76 3287 146 3358; x_wconf 85' lang='lat' dir='ltr'><strong>tigit</strong></span> <span class='ocrx_word' id='word_1_276' title='bbox 159 3288 224 3357; x_wconf 88' lang='lat' dir='ltr'><strong>LV,</strong></span> <span class='ocrx_word' id='word_1_277' title='bbox 244 3287 349 3357; x_wconf 81' lang='lat' dir='ltr'><strong>obtigit</strong></span> <span class='ocrx_word' id='word_1_278' title='bbox 362 3290 404 3358; x_wconf 90' lang='lat' dir='ltr'><strong>M,</strong></span> <span class='ocrx_word' id='word_1_279' title='bbox 424 3288 523 3358; x_wconf 86' lang='lat' dir='ltr'><strong>attigit</strong></span> <span class='ocrx_word' id='word_1_280' title='bbox 539 3289 591 3344; x_wconf 79' lang='lat' dir='ltr'><strong>CT</strong></span> <span class='ocrx_word' id='word_1_281' title='bbox 601 3293 611 3358; x_wconf 75' lang='lat' dir='ltr'>ss</span> <span class='ocrx_word' id='word_1_282' title='bbox 624 3295 658 3343; x_wconf 91' lang='grc'><strong>22</strong></span> <span class='ocrx_word' id='word_1_283' title='bbox 677 3308 711 3344; x_wconf 76' lang='lat' dir='ltr'><strong>ex</strong></span> <span class='ocrx_word' id='word_1_284' title='bbox 730 3288 870 3344; x_wconf 85' lang='lat' dir='ltr'><strong>erubescit</strong></span> <span class='ocrx_word' id='word_1_285' title='bbox 888 3307 927 3360; x_wconf 82' lang='lat' dir='ltr'><strong>sp.</strong></span> <span class='ocrx_word' id='word_1_286' title='bbox 943 3293 961 3344; x_wconf 90' lang='lat'><strong><em>3</em></strong></span> <span class='ocrx_word' id='word_1_287' title='bbox 976 3290 994 3344; x_wconf 80' lang='lat' dir='ltr'><strong>l.</strong></span> <span class='ocrx_word' id='word_1_288' title='bbox 1009 3307 1033 3345; x_wconf 84' lang='lat' dir='ltr'><strong>u.</strong></span> <span class='ocrx_word' id='word_1_289' title='bbox 1055 3286 1094 3342; x_wconf 87' lang='lat' dir='ltr'><strong>cit</strong></span> 
     </span>
     <span class='ocr_line' id='line_1_36' title="bbox 77 3358 1093 3443; baseline -0.002 -28"><span class='ocrx_word' id='word_1_290' title='bbox 77 3377 127 3415; x_wconf 80' lang='lat' dir='ltr'><strong>orn.</strong></span> <span class='ocrx_word' id='word_1_291' title='bbox 147 3360 174 3414; x_wconf 98' lang='lat' dir='ltr'><strong><em>L</em></strong></span> <span class='ocrx_word' id='word_1_292' title='bbox 188 3363 197 3431; x_wconf 80' lang='grc' dir='ltr'><strong>ΙΙ</strong></span> <span class='ocrx_word' id='word_1_293' title='bbox 215 3364 249 3413; x_wconf 88' lang='grc'><strong>23</strong></span> <span class='ocrx_word' id='word_1_294' title='bbox 267 3359 311 3412; x_wconf 83' lang='lat' dir='ltr'><strong>vir</strong></span> <span class='ocrx_word' id='word_1_295' title='bbox 329 3363 354 3430; x_wconf 89' lang='lat' dir='ltr'><strong>(r</strong></span> <span class='ocrx_word' id='word_1_296' title='bbox 370 3367 403 3415; x_wconf 80' lang='lat' dir='ltr'><strong>ut</strong></span> <span class='ocrx_word' id='word_1_297' title='bbox 420 3378 444 3416; x_wconf 87' lang='lat' dir='ltr'><strong>o.</strong></span> <span class='ocrx_word' id='word_1_298' title='bbox 465 3377 532 3415; x_wconf 83' lang='lat' dir='ltr'><strong>eras.</strong></span> <span class='ocrx_word' id='word_1_299' title='bbox 548 3360 600 3424; x_wconf 78' lang='lat' dir='ltr'><strong>L²t</strong></span> <span class='ocrx_word' id='word_1_300' title='bbox 620 3364 671 3430; x_wconf 83' lang='lat' dir='ltr'><strong>(sp.</strong></span> <span class='ocrx_word' id='word_1_301' title='bbox 688 3363 706 3414; x_wconf 85' lang='lat'><em>7</em></span> <span class='ocrx_word' id='word_1_302' title='bbox 724 3362 741 3415; x_wconf 88' lang='lat' dir='ltr'><strong>i.</strong></span> <span class='ocrx_word' id='word_1_303' title='bbox 756 3367 794 3418; x_wconf 82' lang='lat' dir='ltr'><strong>o.)</strong></span> <span class='ocrx_word' id='word_1_304' title='bbox 812 3360 897 3414; x_wconf 89' lang='lat' dir='ltr'><strong>nstris</strong></span> <span class='ocrx_word' id='word_1_305' title='bbox 916 3360 944 3415; x_wconf 87' lang='lat' dir='ltr'><strong><em>L</em></strong></span> <span class='ocrx_word' id='word_1_306' title='bbox 963 3362 969 3443; x_wconf 77' lang='grc' dir='ltr'>Ι</span> <span class='ocrx_word' id='word_1_307' title='bbox 990 3358 1093 3429; x_wconf 77' lang='lat' dir='ltr'><strong>satyris</strong></span> 
     </span>
    </p>
   </div>
   <div class='ocr_carea' id='block_1_4' title="bbox 76 3429 1090 3573">
    <p class='ocr_par' dir='ltr' id='par_1_4' title="bbox 76 3429 1090 3573">
     <span class='ocr_line' id='line_1_37' title="bbox 76 3429 1090 3558; baseline 0.002 -74"><span class='ocrx_word' id='word_1_308' title='bbox 76 3431 103 3484; x_wconf 95' lang='lat' dir='ltr'><strong><em>L</em></strong></span> <span class='ocrx_word' id='word_1_309' title='bbox 116 3433 126 3499; x_wconf 73' lang='lat' dir='ltr'><strong>t</strong></span> <span class='ocrx_word' id='word_1_310' title='bbox 140 3437 173 3486; x_wconf 77' lang='grc'><strong>27</strong></span> <span class='ocrx_word' id='word_1_311' title='bbox 193 3430 242 3486; x_wconf 89' lang='lat' dir='ltr'><strong>sed</strong></span> <span class='ocrx_word' id='word_1_312' title='bbox 260 3429 367 3513; x_wconf 53' lang='lat' dir='ltr'><strong>fidens]</strong></span> <span class='ocrx_word' id='word_1_313' title='bbox 387 3430 533 3514; x_wconf 80' lang='lat' dir='ltr'><strong>subridens</strong></span> <span class='ocrx_word' id='word_1_314' title='bbox 554 3430 609 3512; x_wconf 54' lang='lat' dir='ltr'><strong>GL</strong></span> <span class='ocrx_word' id='word_1_315' title='bbox 621 3435 625 3500; x_wconf 86' lang='grc' dir='ltr'>Ι</span> <span class='ocrx_word' id='word_1_316' title='bbox 640 3431 700 3558; x_wconf 54' lang='lat' dir='ltr'><strong>reg</strong></span> <span class='ocrx_word' id='word_1_317' title='bbox 718 3431 759 3485; x_wconf 90' lang='lat' dir='ltr'><strong>ait</strong></span> <span class='ocrx_word' id='word_1_318' title='bbox 780 3432 804 3487; x_wconf 80' lang='lat'><strong><em>0</em></strong></span> <span class='ocrx_word' id='word_1_319' title='bbox 813 3435 822 3502; x_wconf 88' lang='grc' dir='ltr'><strong>ΙΙ</strong></span> <span class='ocrx_word' id='word_1_320' title='bbox 836 3436 869 3486; x_wconf 82' lang='grc'><strong>31</strong></span> <span class='ocrx_word' id='word_1_321' title='bbox 890 3431 1027 3487; x_wconf 80' lang='lat' dir='ltr'><strong>conmotis</strong></span> <span class='ocrx_word' id='word_1_322' title='bbox 1041 3431 1068 3486; x_wconf 92' lang='lat' dir='ltr'><strong><em>L</em></strong></span> <span class='ocrx_word' id='word_1_323' title='bbox 1080 3430 1090 3501; x_wconf 76' lang='grc' dir='ltr'><strong>ξΙ</strong></span> 
     </span>
     <span class='ocr_line' id='line_1_38' title="bbox 77 3501 723 3573; baseline 0.002 -18"><span class='ocrx_word' id='word_1_324' title='bbox 77 3507 111 3556; x_wconf 85' lang='grc'><strong>32</strong></span> <span class='ocrx_word' id='word_1_325' title='bbox 131 3518 335 3558; x_wconf 80' lang='lat' dir='ltr'><strong>cassaverimus</strong></span> <span class='ocrx_word' id='word_1_326' title='bbox 354 3519 410 3558; x_wconf 90' lang='lat' dir='ltr'><strong>non</strong></span> <span class='ocrx_word' id='word_1_327' title='bbox 428 3501 656 3572; x_wconf 77' lang='lat' dir='ltr'><strong>improbabiliter</strong></span> <span class='ocrx_word' id='word_1_328' title='bbox 710 3506 723 3573; x_wconf 71' lang='lat' dir='ltr'><strong>ii</strong></span> 
     </span>
    </p>
   </div>
   <div class='ocr_carea' id='block_1_5' title="bbox 0 0 1223 3864">
    <p class='ocr_par' dir='ltr' id='par_1_5' title="bbox 0 0 1223 3864">
     <span class='ocr_line' id='line_1_39' title="bbox 0 0 1223 3864; baseline 0 0"><span class='ocrx_word' id='word_1_329' title='bbox 0 0 1223 3864; x_wconf 95' lang='lat' dir='ltr'><strong> </strong></span> 
     </span>
    </p>
   </div>
  </div>
 </body>
</html>
