2414 3864
414 159 566 215 CARMEN
584 161 618 216 V.
959 165 1022 230 261

50 321 73 370 to
96 310 233 386 germani
255 307 323 388 plus
346 317 441 370 morte
465 311 558 392 nefas,
581 311 652 371 dum
675 311 778 372 funere
802 320 914 392 pugnat

96 405 128 458 et
151 397 273 457 fratrem
298 397 356 458 sibi
378 399 437 459 tela
460 400 543 482 iacit;
566 400 612 460 vel
636 417 703 460 oum
727 399 827 461 obruit
849 404 949 480 ignem

96 494 252 547 taurorum
275 485 343 566 plus
366 489 432 567 ipsa
455 487 554 548 calens
578 491 710 568 texitque
733 495 912 550 trementem

97 575 205 654 frigida
228 575 345 636 ilamma
368 579 474 659 virum,
498 596 587 656 quem
611 578 788 638 defendente
811 597 925 639 veneno

98 666 178 724 inter
200 664 359 743 flagrantes
381 665 542 745 perhibent
564 665 669 727 alsisse
693 669 842 728 iuvencos.

50 765 77 815 to
98 771 170 832 ergo
193 755 284 814 animi
307 754 419 815 dudum
443 757 611 836 impatiens,
633 763 790 835 postquam
814 756 907 817 audiit
929 759 980 817 isti

97 844 257 920 imperium
281 851 311 904 et
333 842 454 923 longum
478 847 576 926 statui,
599 843 708 905 laniata
731 845 857 906 lacertos

97 930 273 1013 ingreditur,
297 952 355 1012 qua
378 940 469 994 strata
492 935 558 1014 viri,
581 952 742 1013 vocemque
766 934 915 995 furentem

96 1019 144 1080 bis
167 1023 292 1100 rumpit:
316 1017 433 1082 ‘secure
457 1025 547 1103 iaces,
571 1022 661 1083 oblite
685 1031 813 1103 tuorum,

98 1127 115 1168 o
139 1111 237 1188 piger:
261 1117 293 1170 et
315 1110 426 1171 mundo
450 1113 590 1190 princeps
615 1105 674 1194 (sic
698 1111 814 1172 saecula
837 1105 979 1196 poscunt)

50 1210 78 1259 to
97 1197 277 1258 Maiorianus
301 1201 373 1280 erit3
397 1198 525 1260 clamant
547 1201 604 1261 hoc
627 1200 725 1260 sidera
748 1203 851 1281 signis,

98 1287 154 1346 hoc
178 1287 314 1349 homines
337 1291 422 1349 votis.
468 1291 519 1350 isti
543 1290 613 1368 quid
637 1289 735 1349 sidera
758 1307 878 1370 quaero,

98 1376 192 1436 fatum
215 1375 296 1437 aliud
319 1380 369 1438 cui
393 1379 463 1438 lecit
486 1375 590 1438 amor?
613 1377 656 1438 nil
679 1378 786 1438 lortius
809 1377 867 1438 illo.

99 1472 129 1525 et
151 1483 228 1544 puer
251 1473 297 1526 est
320 1467 445 1545 cupidus
473 1485 648 1548 numquam,
679 1467 731 1527 sed
754 1486 861 1546 parcus
885 1465 1023 1548 habendi,

98 1572 212 1633 pauper
235 1555 331 1616 adbuc
354 1557 413 1616 iam
437 1560 551 1635 spargit
573 1574 654 1636 opes,
677 1558 808 1634 ingentia
832 1555 937 1616 suadet

50 1656 80 1703 50
102 1642 226 1703 consilia
250 1651 280 1704 et
303 1646 447 1726 sequitur,
470 1652 565 1706 totum
589 1644 668 1724 quod
692 1646 801 1724 cogitat
824 1645 915 1705 altum
938 1651 993 1727 est,

97 1738 185 1810 urget
208 1733 287 1810 quod
312 1741 419 1812 sperat.
466 1733 567 1794 ludum
592 1736 618 1794 si
642 1734 717 1794 sorte
740 1741 882 1816 retexam,

98 1823 293 1902 consumpsit,
317 1823 458 1902 quicquid
482 1823 587 1884 iaculis
610 1823 717 1883 iecisse
740 1825 865 1903 putaris,

100 1912 188 1970 istius
212 1929 270 1970 una
294 1910 371 1971 dies:
394 1911 491 1972 tribus
513 1912 592 1972 huno
615 1918 765 1972 tremuere
789 1914 904 1991 sagittis

98 2001 213 2080 anguis,
237 2017 352 2081 cervus,
376 2019 454 2080 aper.
500 2019 560 2061 non
585 2003 627 2061 sio
651 1999 770 2062 libravit
792 2003 822 2061 in
845 2002 962 2062 hostem

50 2099 78 2148 55
98 2087 220 2168 spicula,
244 2090 296 2166 qui
318 2097 386 2149 nato
412 2093 558 2168 serpentis
583 2109 707 2169 corpore
732 2093 828 2151 cincto

96 2175 164 2255 plus
187 2178 295 2257 timuit,
319 2195 387 2238 cum
411 2181 568 2260 succurrit,
591 2179 662 2240 dum
685 2179 811 2240 iactibus
835 2180 930 2239 isdem

96 2266 251 2325 interitum
274 2268 423 2346 vitamque
447 2267 532 2329 daret
555 2267 750 2347 stabilemque
774 2275 890 2328 teneret

96 2354 185 2414 corde
208 2361 355 2416 tremente
377 2374 508 2438 manum,
531 2364 681 2436 totamque
705 2351 799 2417 exiret
822 2359 854 2417 in
877 2366 972 2417 artem

96 2461 149 2522 spe
171 2446 311 2522 propiore
335 2452 441 2526 metus,
465 2446 539 2506 dans
562 2449 641 2507 inter
664 2445 797 2506 membra
820 2445 947 2506 duorum

50 2545 77 2594 to
98 2534 188 2592 unius
210 2540 346 2593 mortem,
392 2533 482 2594 libeat
506 2534 666 2595 decernere
690 2541 804 2594 caestu:

98 2623 189 2681 cessit
211 2620 290 2700 Eryx
314 2621 441 2703 Sicidus,
465 2624 555 2683 simili
577 2642 633 2683 nec
657 2623 757 2684 iloruit
781 2629 843 2682 arte

96 2709 209 2790 Sparta,
232 2710 423 2790 Therapnaea
447 2712 578 2791 pugilem
602 2730 669 2772 oum
692 2711 837 2791 gymnade
860 2713 1003 2790 pinguem

95 2805 205 2859 stratus
229 2798 382 2879 Bebryciis
405 2801 534 2880 Amycus
559 2803 695 2881 suspexit
716 2801 844 2860 harenis,

95 2890 147 2966 qui
169 2889 253 2965 vigor
275 2890 307 2948 in
328 2888 468 2968 pedibus!
494 2891 606 2950 frustra
630 2889 798 2950 sibi'natus
822 2887 916 2949 Ofelte

50 2989 76 3038 ta
98 2976 246 3037 Sicaniam
269 2977 375 3038 tribuit
397 2977 534 3060 palmam,
557 2979 730 3059 plantasque
754 2977 898 3056 superbas

98 3065 177 3125 haud
202 3067 243 3125 ita
265 3085 320 3145 per
344 3069 453 3127 siccam
476 3067 608 3128 Nemeen
632 3070 709 3128 citus
732 3065 837 3127 extulit
860 3067 961 3148 Arcas,

99 3157 185 3215 cuius
209 3157 241 3214 in
264 3155 366 3215 Aetolo
390 3156 563 3217 volitantem
585 3156 706 3236 pulvere
729 3163 854 3216 matrem

79 3384 130 3433 143
148 3380 256 3447 rumpit
269 3381 454 3450 lautjobauu,
472 3380 549 3451 rupit
563 3382 657 3449 codd.;
674 3382 708 3448 cf.
725 3382 802 3452 Verq.
817 3382 1024 3450 Aee.11,129,·

50 3450 153 3518 t,246;
173 3451 228 3517 XI,
243 3454 299 3506 377
317 3455 326 3519 ΙΙ
347 3459 395 3507 162
417 3453 557 3507 consumit
576 3453 694 3508 TOPF
715 3456 726 3524 [l
748 3460 798 3508 167
818 3455 939 3506 mai-rem
960 3453 1032 3520 Μή

50 3524 126 3577 rtem
146 3519 343 3578 MbT⁸0PF
356 3524 401 3580 vel
421 3541 535 3582 currum
556 3523 626 3601 puy
