2392 3854
124 129 166 193 88
475 127 782 195 nmnnouasrus

124 281 213 339 miter
236 279 368 360 admitto,
396 286 429 339 ut
453 279 601 340 desiderio
625 297 691 339 meo
720 282 842 341 sinister
870 287 992 341 eventus
1022 280 1147 360 officiat,

125 368 219 429 donec
243 368 279 428 ad
303 386 354 428 vos
382 375 485 428 nostro
515 386 651 429 sermone
679 372 833 447 perveniat
861 369 897 429 ad
924 387 979 429 nos
1007 376 1147 429 vestrum

124 475 184 517 non
207 459 380 537 pervenisse
405 475 581 518 sermonem.
627 456 730 518 valete.

587 719 675 786 XIII.

329 859 497 916 SIDONIUS
516 859 649 916 VECTIO
668 860 737 916 SUO
756 859 936 916 SALUTEM.

99 1014 112 1054 s
194 988 222 1052 1.
246 990 348 1070 Nuper
362 998 467 1069 rogatu
481 990 650 1052 Germanici
669 990 840 1070 spectabilis
858 993 916 1052 viri
930 991 1140 1054 Cantillensem

127 1078 284 1141 ecclesiam
316 1082 441 1159 inspexi.
492 1088 538 1140 est
565 1083 630 1161 ipse
663 1080 727 1141 loco
757 1083 882 1141 sitorum
910 1081 997 1143 facile
1027 1085 1138 1163 primus

128 1170 238 1248 quique
262 1177 330 1248 post
352 1176 470 1248 tergum
493 1188 560 1230 cum
584 1173 643 1230 iam
665 1169 822 1230 duodecim
840 1168 933 1231 lustra
952 1174 1138 1251 transmittat,

128 1257 236 1319 cotidie
269 1266 368 1319 tamen
395 1258 499 1320 babitu
527 1258 667 1338 cultuque
701 1260 862 1338 conspicuo
890 1277 951 1321 non
979 1261 1138 1322 iuvenescit

128 1347 225 1408 solum
248 1347 300 1414 sed
325 1348 540 1427 quodammodo
564 1349 756 1427 repuerascit.
802 1350 954 1409 enimvero
977 1352 1071 1411 vestis
1095 1349 1137 1410 ad·

89 1461 115 1501 1o
130 1439 241 1519 stricta,
264 1444 368 1498 tensus
392 1444 543 1518 coturnuS,
567 1439 660 1497 crinis
683 1439 714 1496 in
737 1444 819 1497 rotae
844 1441 997 1516 specimen
1021 1441 1139 1518 accisus,

128 1528 219 1589 barba
243 1530 321 1587 intra
344 1544 486 1605 rugarum
509 1525 637 1587 latebras
665 1527 774 1586 mersis
798 1525 834 1586 ad
858 1534 957 1588 cutem
981 1535 1063 1589 secta
1086 1527 1139 1588 for·

129 1616 254 1696 cipibus.
293 1612 322 1676 2.
346 1615 383 1675 ad
405 1615 462 1675 boc
486 1621 516 1675 et
533 1632 658 1676 munere
677 1633 807 1693 superno
827 1615 1031 1678 membrorum
1052 1615 1140 1678 solida

129 1706 308 1785 coniunctio,
331 1706 449 1782 integer
466 1705 557 1785 visus,
581 1703 696 1783 amplus
714 1706 747 1764 in
765 1704 857 1765 celeri
875 1723 997 1783 gressus
1017 1708 1142 1787 incessu,

128 1797 318 1872 incorruptae
351 1791 446 1852 lactea
473 1791 608 1853 dentium
640 1811 780 1872 compage
813 1795 958 1878 gingivae.
1010 1813 1071 1856 non
1102 1793 1142 1855 illi

90 1906 115 1947 15
130 1882 300 1944 stomachus
319 1888 451 1961 nauseat,
472 1899 532 1941 non
550 1900 624 1942 vena
643 1881 819 1964 flammatur,
842 1900 903 1943 nou
922 1901 974 1943 cor
992 1885 1144 1965 incutitur,

130 1989 190 2032 uon
212 1969 312 2050 pulmo
338 1971 475 2050 suspirat,
503 1988 563 2030 non
586 1972 664 2048 riget
686 1970 818 2053 lumbus,
846 1989 906 2032 non
929 1974 1015 2033 iecur
1038 1979 1145 2054 turget,

129 2078 190 2121 non
213 2058 361 2120 mollescit
388 2076 506 2139 manuS,
533 2076 593 2118 non
621 2061 706 2138 spina
734 2067 882 2142 curvatur,
911 2061 964 2122 scd
993 2063 1144 2142 praeditos

131 2151 256 2211 sanitate
280 2146 409 2208 iuvenali
433 2146 525 2208 solam
549 2146 606 2208 sibi
629 2149 760 2210 vindicat
778 2150 814 2210 de
834 2157 987 2212 senectute
1006 2168 1144 2213 reveren·

130 2241 210 2300 tiam.
257 2235 286 2300 3.
310 2243 432 2317 propter
460 2255 534 2316 qnae
558 2237 702 2298 beneficia
724 2237 886 2318 peculiaria
915 2239 977 2319 dei,
1006 2243 1144 2319 qnoniam

90 2353 117 2393 so
131 2328 213 2389 vobis
232 2329 298 2388 iura
316 2327 464 2386 amicitiae
483 2326 606 2405 grandia
624 2329 733 2409 vigent,
757 2328 867 2407 quippe
881 2329 998 2408 vicinis,
1021 2328 1145 2391 obsecro

131 2437 164 2478 ac
187 2435 303 2498 moneo,
326 2423 359 2476 ut
382 2414 506 2476 consilio
529 2422 590 2497 tuo,
615 2419 663 2476 cui
686 2416 837 2496 sequendo
859 2435 913 2496 per
932 2419 1145 2479 conscientiam

130 2525 268 2586 magnam
290 2506 449 2566 maximam
472 2503 579 2565 tribuis
604 2507 819 2587 auctoritatem,
844 2523 904 2566 non
926 2506 1055 2568 multum
1078 2507 1147 2568 fidat

131 2596 278 2675 ambiguis
296 2613 351 2656 nec
369 2595 460 2655 nimis
479 2596 587 2655 nimiae
607 2595 709 2656 credat
726 2593 932 2676 incolumitati,
956 2595 1008 2656 sed
1027 2597 1146 2658 tandem

132 2685 317 2764 professione
350 2682 503 2763 religionis
536 2690 653 2762 arrepta
684 2683 798 2744 viribus
830 2686 931 2764 potius
961 2686 1147 2766 resurgentis

92 2796 119 2838 as
134 2774 322 2834 innocentiae
351 2771 543 2853 convalescat,
575 2772 663 2832 faciat
691 2791 722 2833 se
754 2781 889 2835 vetustus
918 2777 1004 2836 annis
1031 2775 1146 2836 meritis

133 2880 250 2923 novum.
296 2859 326 2922 4.
351 2869 381 2922 et
403 2863 544 2941 quoniam
566 2879 653 2921 nemo
677 2861 771 2922 ferme
795 2871 849 2944 est,
873 2865 924 2942 qui
944 2862 1147 2943 plectibilibus

134 2958 233 3012 careat
256 2949 390 3031 occultis,
414 2953 478 3029 ipse
502 2949 670 3030 superbio,
693 2968 767 3029 qnae
787 2951 862 3012 clam
881 2954 1040 3013 commissa
1059 2953 1147 3014 remi·

133 3041 269 3120 niscitur,
292 3038 387 3118 palam
412 3039 477 3099 fusa
497 3038 698 3099 satisfactione
718 3039 855 3100 solvatur.
897 3059 966 3100 nam
985 3041 1147 3102 sacerdotis

206 3290 221 3336 3
241 3281 304 3335 vale
324 3281 455 3348 LMGP,
473 3298 523 3336 om.
539 3280 571 3334 F
581 3282 622 3350 114
640 3281 723 3338 inser.
743 3298 792 3338 ooo.
813 3282 840 3335 L
853 3285 862 3349 11
882 3286 896 3334 7
915 3284 1082 3352 postergum
1102 3278 1147 3351 01

134 3360 150 3408 8
169 3353 270 3409 habitu
288 3354 384 3407 temen
401 3352 444 3422 01
459 3359 490 3406 11
510 3350 665 3421 forcipibus
680 3353 747 3417 LV,
766 3351 920 3422 forpicibus
941 3357 1022 3421 (corr.
1042 3371 1075 3410 ee
1093 3351 1147 3407 for·

134 3426 245 3494 cipibus
259 3424 294 3478 N
294 3426 311 3489 ¹,
330 3422 389 3492 pici
402 3425 434 3478 in
447 3440 503 3478 rus.
517 3422 576 3491 M1)
583 3423 682 3478 ΝΜΟ
686 3425 732 3494 Τ11
747 3429 779 3477 18
794 3422 918 3478 iuvenali
931 3425 1055 3494 LMN1,
1072 3423 1147 3480 inve

125 3497 185 3549 nili
200 3496 307 3552 N’OT
315 3498 328 3567 1
342 3499 376 3550 28
394 3494 491 3564 palam
509 3494 574 3549 fusa
593 3493 787 3550 satisfactione
807 3495 933 3550 solvatur
950 3511 1001 3552 om.
1016 3497 1065 3566 Lfl
