2414 3864
495 151 710 210 PRAEFATIO.
1069 156 1109 211 IX

95 304 223 364 aliorum
246 301 383 362 codicum
407 300 539 362 subsidio
563 305 716 364 niteretur.
758 302 861 383 Neque
885 322 954 364 vero
978 306 1108 366 infitian-

95 393 166 453 dum
190 399 237 452 est
259 389 344 450 facile
368 390 434 450 lieri
457 393 603 472 potuisse,
627 399 659 452 ut
676 393 708 452 hi
726 391 784 452 loci
802 395 833 453 in
853 396 1003 454 communi
1025 395 1106 455 codi-

95 500 164 542 cum
187 487 360 540 uostrorum
383 480 541 559 archetypo
565 483 668 540 omissi
690 488 793 560 postea
816 501 852 542 ex
871 481 928 542 alio
948 483 1107 563 archetypo

96 573 129 630 iu
151 577 237 650 parte
260 567 407 628 librorum
429 568 676 630 adscriberentur.

163 659 204 720 Ac
228 657 265 718 de
288 656 483 736 epistularum
505 660 679 718 recensione
702 659 858 720 hactenus:
887 662 917 719 in
942 663 1106 721 carminum

94 755 179 809 textu
207 745 416 807 constituendo
443 746 568 807 eandem
590 747 652 807 lere
676 766 764 826 quam
788 747 1008 827 Luetjobanuus
1031 752 1109 810 viam

97 845 128 898 et
150 839 297 897 rationem
320 836 474 913 ingressus
498 853 571 896 sum.
618 835 692 896 Nam
719 838 751 896 iu
779 843 845 897 octo
868 837 1020 916 prioribus
1044 857 1108 899 car-

96 924 243 1006 minibus,
271 942 345 1003 quae
374 941 509 984 seorsum
531 925 693 1005 prodiisse,
716 933 749 985 ut
771 925 972 987 Mommsenus
995 934 1025 987 et
1046 927 1107 988 Leo

96 1016 270 1094 admouent,
292 1012 429 1074 codicum
453 1031 570 1092 quoque
594 1015 769 1074 condicione
791 1015 947 1095 probatur,
975 1016 1108 1077 codicem

94 1103 124 1163 bl
146 1106 180 1163 in
197 1119 359 1182 permagno
378 1104 619 1180 gravissimarum
638 1103 873 1182 corruptelarum
891 1123 1016 1164 numero
1035 1123 1108 1166 uou-

95 1191 176 1252 nulla
199 1209 269 1251 vera
292 1191 499 1271 praebentem,
522 1190 702 1271 ubicumque
727 1191 824 1273 licuit,
851 1200 971 1254 secutus
995 1201 1108 1254 cetero-

96 1283 157 1362 qui,
181 1280 322 1359 quicquid
346 1282 421 1340 ratio
440 1279 591 1358 postulare
609 1279 783 1361 ridebatur,
796 1282 1000 1360 recipiendum
1020 1285 1109 1343 statui

94 1372 227 1449 itemque
251 1371 283 1428 iu
306 1367 429 1448 reliquis
452 1370 610 1450 poematis,
634 1369 782 1448 siquidem
805 1369 905 1430 nullus
925 1370 1001 1431 liber
1023 1390 1108 1450 prae-

95 1461 214 1538 cipuam
232 1459 438 1518 auctoritatem
461 1456 563 1538 habet,
591 1457 669 1536 quod
693 1477 811 1537 quoque
834 1459 899 1519 loco
923 1462 1108 1539 aptissimum

94 1567 163 1608 esse
187 1545 342 1627 putabam,
366 1546 465 1625 delegi,

582 1754 624 1820 H.

164 1901 315 1981 Sequitur,
338 1909 371 1962 ut
394 1901 430 1962 de
455 1902 641 1980 gravioribus
664 1902 746 1982 locis,
770 1905 814 1962 eis
837 1904 1035 1983 potissimum,
1057 1904 1110 1964 ubi

96 2010 112 2051 a
135 1990 341 2070 Luetjohauuo
364 1989 523 2070 dissentio,
551 1991 655 2051 ordine
678 1993 780 2070 paucis
804 1991 962 2071 disseram,
990 2010 1048 2070 qua
1076 2011 1108 2052 re

97 2079 196 2160 simul,
220 2080 298 2158 quod
322 2097 411 2157 supra
432 2081 465 2138 in
483 2081 621 2139 universa
640 2079 775 2140 codicum
794 2081 999 2141 aestimatione
1018 2083 1109 2141 certis

98 2168 276 2247 quibusdam
294 2166 438 2246 exemplis
457 2167 633 2229 confirmare
651 2168 903 2230 brevitatiscausa
917 2169 1009 2229 terme
1023 2188 1108 2248 prae-

96 2259 227 2337 termisi,
258 2262 403 2334 quatenus
432 2255 557 2334 singulis
585 2256 671 2318 libris
695 2257 782 2318 fidem
805 2257 915 2318 babere
940 2257 1108 2338 debeamus,

94 2349 188 2424 magis
212 2346 404 2424 perspicuum
427 2345 490 2405 fore
513 2364 610 2425 spero.

160 2433 250 2515 Epi,
271 2430 334 2514 1‚1
359 2440 393 2494 ut
415 2451 484 2494 cum
504 2435 528 2494 Τ
547 2437 700 2510 fluxerint
718 2435 890 2515 scriberem,
913 2453 979 2494 oum
1000 2437 1108 2495 ceteris

94 2522 239 2603 exemplis
263 2540 279 2582 a
303 2521 437 2583 Geislero
462 2516 526 2606 (³de
549 2522 642 2602 Apoll.
662 2523 722 2583 Sid.
743 2519 860 2584 studiis'
882 2543 910 2603 p.
931 2517 988 2607 74)
1012 2523 1108 2585 allatis

94 2618 260 2672 commotus
288 2629 355 2672 sum
383 2619 447 2671 tum
470 2613 630 2690 praecipue
654 2609 872 2694 ep.ll,10,2
896 2617 975 2688 petis
998 2621 1108 2688 autem,

91 2709 134 2782 ut,
156 2704 186 2762 si
207 2703 264 2776 qui
285 2704 432 2762 versiculi
449 2703 524 2762 mibi
540 2703 701 2776 fluxerint,
722 2713 880 2778 postquam
900 2704 939 2762 ab
958 2706 1108 2764 atterutro

93 2793 294 2863 discessimus,
317 2791 371 2850 bos
391 2835 397 2849 .
413 2835 420 2850 .
435 2835 442 2850 .
457 2836 464 2848 .
480 2808 702 2866 pernumerem.
722 2823 764 2832 —
783 2788 825 2850 lb.
844 2788 864 2850 2
887 2790 966 2869 quod
983 2789 1107 2850 Momm-

92 2896 184 2939 seuus
213 2880 383 2958 proposuit,
415 2877 489 2937 mihi
519 2895 637 2957 quoque
665 2881 697 2939 in
724 2886 853 2939 mentem
883 2887 1017 2960 venerat,
1049 2882 1107 2940 etsi

91 2966 181 3028 rerba
211 2965 298 3028 aliter
327 2966 545 3045 distinguebam
574 2960 704 3050 (scilicet
732 2976 889 3029 oratorum
916 2973 1034 3031 simiam
1063 2969 1106 3029 di-

90 3056 159 3117 velli
187 3049 313 3139 nolim);,
342 3055 393 3117 sed
421 3058 481 3116 iam
508 3057 540 3116 in
567 3056 676 3116 tradita
703 3055 829 3116 lectione
857 3058 1107 3136 acquiescendum
1169 3063 1174 3074 '

91 3163 157 3205 esse
191 3144 316 3205 conlido.
346 3177 388 3186 —
420 3143 462 3205 lb.
487 3140 507 3205 3
535 3143 771 3224 Luetjohaunum
804 3153 924 3205 secutus
956 3150 1108 3208 litterulas

89 3234 206 3314 addidi,
237 3235 307 3312 quia
335 3235 491 3293 notissima
517 3232 569 3317 illa
598 3233 710 3313 ellipsis
742 3227 792 3316 (cf.
816 3232 1022 3313 Engelbrecht.
1046 3234 1064 3295 l.
1089 3234 1106 3295 l.

90 3341 119 3402 p.
139 3316 185 3405 ὃ),
209 3328 353 3401 quantum
376 3322 515 3401 equidem
538 3322 612 3402 vidi,
640 3340 758 3401 semper
782 3322 817 3382 dc
841 3341 900 3383 una
923 3323 1021 3402 aliqua
1045 3326 1107 3403 epi·

90 3409 181 3492 stula,
211 3429 272 3471 uon
300 3410 336 3471 de
364 3414 475 3472 maiore
504 3428 628 3471 numero
657 3419 707 3472 aut
735 3430 826 3493 opere
852 3413 996 3474 uniuerso
1021 3431 1116 3473 usuu-

90 3509 188 3580 patm·.
213 3496 393 3579 -1,2,1
422 3507 497 3563 sunt
521 3510 594 3584 post
623 3499 846 3572 huiuscemodi
873 3502 997 3585 deleri,
1025 3502 1070 3562 ci,
1090 3517 1145 3576 W
