2392 3854
142 154 185 219 28
484 153 592 208 uisne
612 116 809 210 sncunnus.

141 304 284 364 invidiam
307 304 500 384 supplicando
523 310 665 385 moveret,
689 322 777 383 quam
801 304 986 365 criminando
1010 322 1070 365 non
1088 324 1161 367 con·

141 395 291 455 citaverat.
336 394 399 455 dixi
422 394 458 455 ad
482 401 648 455 extremum
665 411 789 472 pressus
808 399 892 454 oratu
910 412 1070 472 procerum
1089 413 1161 456 con·

142 482 341 564 globulorum,
373 484 465 544 sciret
492 482 647 544 conatibus
676 483 739 543 suis
766 500 855 543 versu
877 481 921 542 nil
944 483 1161 567 reponendum,

142 572 284 652 derogare
308 572 423 633 actibus
445 574 521 633 meis
549 575 581 633 in
607 578 762 652 posterum
789 577 889 632 tamen
912 573 939 632 si
960 575 1160 655 pepercisset;

114 664 253 722 oetenim
276 662 414 722 sulficere
438 661 557 743 dehere,
580 660 659 740 quod
683 661 790 721 satirae
810 660 938 721 obiectio
957 660 1067 722 famam
1084 662 1158 722 mihi

141 758 284 831 parasset,
312 750 365 811 sed
388 749 446 811 sibi
468 751 629 811 infamiam.
677 747 727 811 17.
750 751 782 810 in
811 767 926 810 summa
953 750 1070 830 perculi
1094 753 1158 830 qui-

142 839 222 920 dem,
255 838 373 900 domiue
400 841 508 920 maior,
541 857 601 900 nou
631 845 811 899 assertorem
842 838 1008 900 calumniae
1041 847 1157 902 tantum

142 935 285 1007 quantum
303 935 567 1009 murmuratorem3
586 928 639 989 sed
658 946 726 989 cum
744 928 818 988 mihi
837 929 881 988 sic
900 927 1086 990 satisfactum
1104 937 1157 1011 est,

141 1024 175 1077 ut
197 1019 312 1096 pectori
334 1035 401 1077 meo
424 1035 479 1097 pro
503 1024 588 1078 reatu
611 1020 675 1079 eius
699 1024 743 1078 tot
764 1022 945 1096 potestatum
967 1016 1156 1096 dignitatum·

101 1123 127 1164 ro
141 1124 199 1185 quc
223 1105 353 1167 culmina
376 1113 409 1180 ct
424 1108 490 1167 iura
509 1108 775 1187 summitterentur‚
797 1105 892 1166 fateor
911 1105 1068 1168 exordium
1088 1125 1156 1168 con·

141 1194 280 1256 tumeliae
304 1195 371 1256 talis
394 1197 469 1256 tanti
492 1195 593 1277 luisse,
617 1197 666 1257 cui
689 1196 757 1256 finis
780 1194 874 1274 gloria
897 1195 961 1255 luit.
1008 1196 1081 1258 vale.

568 1497 727 1504 --.-

187 1744 279 1818 cnr
308 1745 484 1819 sonori
511 1720 877 1820 Arouninlnis
907 1745 1112 1823 smonn

456 1887 841 1962 nersruunuun

479 2064 591 2127 LIBER
615 2013 818 2128 SECUNDUS.

638 2257 662 2323 I.

341 2378 509 2435 SIDONIUS
527 2378 671 2436 EGDIOIO
691 2379 759 2436 SUO
780 2380 956 2437 SALUTEM.

209 2491 238 2555 1.
261 2494 325 2555 Duo
344 2512 424 2554 nuuc
442 2495 555 2572 pariter
574 2493 650 2555 mala
670 2497 817 2556 sustinent
835 2495 961 2556 Arverni
978 2498 1031 2558 tui.
1057 2492 1157 2577 ‘qnae-

140 2578 246 2644 nam?'
279 2585 388 2663 inquis.
434 2585 634 2661 praesentiam
657 2583 794 2644 Seronati
821 2590 851 2645 et
879 2584 1044 2646 absentiam
1067 2594 1157 2648 tuam.

102 2690 127 2730 15
142 2673 287 2755 Seronati,
305 2675 439 2752 iuquam:
459 2671 496 2732 de
511 2674 596 2733 cuius
610 2679 644 2734 nt
657 2675 787 2753 primum
801 2675 891 2734 etiam
909 2677 1029 2736 nomine
1044 2674 1158 2756 loquar,

142 2764 185 2822 sic
208 2761 282 2822 mihi
305 2762 422 2823 videtur
446 2762 531 2841 quasi
553 2764 688 2840 praescia
711 2762 879 2823 futurorum
898 2762 1006 2824 lusisse
1030 2764 1159 2846 fortuna,

142 2853 230 2910 sicuti
253 2868 289 2910 ex
313 2850 437 2911 adverso
460 2852 589 2910 maiores
612 2853 708 2911 nostri
731 2850 856 2933 proelia,
882 2851 991 2931 qcribus
1013 2853 1089 2914 nihil
1112 2861 1159 2915 est

140 2938 270 3019 foedius,
302 2938 380 2999 bella
412 2936 565 3020 dixerunt3
598 2941 708 3019 quique
738 2943 827 3001 etiam
854 2943 919 3021 pari
947 2945 1158 3005 contrarietate

141 3026 214 3107 fata,
242 3029 311 3106 quia
339 3046 399 3089 non
427 3035 597 3110 parcerent,
624 3028 731 3089 Parcas
759 3031 933 3091 vocitavere.
979 3031 1071 3092 rediit
1093 3035 1157 3112 ipse

101 3135 127 3175 so
142 3115 268 3177 Catilina
287 3117 397 3178 saeculi
416 3120 512 3178 nostri
530 3135 627 3197 nuper
640 3117 807 3200 litonibus,
826 3127 859 3180 ut
874 3120 1048 3197 sanguinem
1063 3121 1157 3182 fortu-

181 3319 183 3322 ⁴
212 3304 473 3374 Brespondendum
495 3307 622 3362 Vatican.
638 3309 709 3361 3421
732 3308 742 3376 ΙΙ
765 3313 781 3360 6
801 3306 850 3361 sed
873 3308 931 3362 secl.
952 3308 1155 3392 Deetjohonn]

140 3375 249 3447 perculi
272 3377 468 3446 Wilomowo'ta,
494 3376 601 3447 pertuli
623 3379 700 3433 codd.
724 3380 733 3448 ll
761 3382 795 3431 13
819 3377 929 3432 arverni
952 3379 996 3433 tui
1014 3381 1083 3451 LT,
1113 3384 1157 3436 tm

137 3446 252 3502 arverni
270 3448 308 3503 M
312 3447 336 3502 0
358 3451 367 3516 ΙΙ
396 3454 429 3503 18
448 3448 565 3521 quique]
590 3447 694 3518 quippe
713 3449 890 3518 Lectiodann
916 3453 926 3520 ΙΙ
952 3456 986 3505 19
1004 3450 1079 3524 ipse]
1102 3451 1158 3508 iste

121 3517 311 3586 Menedemo
322 3520 386 3592 120
405 3536 471 3577 saec
490 3537 562 3593 sequ.
577 3521 688 3592 spui}
704 3522 711 3590 l
724 3520 866 3576 aturribus
880 3537 930 3577 em.
945 3538 984 3592 sp.
996 3527 1031 3577 11
1047 3525 1064 3580 l.
1074 3541 1099 3579 o.
1112 3525 1159 3598 Lll
