2414 3864
133 114 177 178 84
488 112 597 166 LIBER
615 111 791 177 QUARTUS.

133 262 226 324 redux
256 271 399 342 patronus
427 261 593 341 indulgeat,
625 260 802 342 advolaturi,
834 270 867 323 ut
896 262 989 324 rebus
1019 260 1167 324 amicitia

132 359 295 432 vegetetur,
318 370 393 431 quae
416 350 516 411 verbis
539 351 757 430 infrequentata
780 359 942 431 torpuerat.
989 351 1059 413 vale.

614 594 670 660 XI.

325 718 493 773 SIDONIUS
513 717 670 772 PETREIO
690 716 758 772 SUO
779 717 959 774 SALUTEM.

203 830 231 894 1.
255 832 344 910 Angit
366 850 413 892 me
436 833 526 892 nimis
551 830 691 892 damnum
714 831 825 892 saeculi
848 834 907 892 mei
926 851 1023 912 nuper
1046 833 1161 913 erept⁰

108 920 279 983 carunculo
303 928 354 980 tuo
378 920 538 981 Claudiano
567 919 660 981 oculis
685 923 809 1000 nostris,
837 920 953 1000 ambigo
983 941 1021 983 an
1048 932 1163 1002 quern·

132 1013 212 1090 piam
232 1010 371 1088 deinceps
390 1028 493 1088 parem
514 1011 739 1088 conspicaturis,
777 1012 822 1069 vir
841 1010 991 1088 siquidem
1009 1012 1066 1072 luit
1082 1021 1165 1098 proj

134 1099 220 1159 vidus
243 1099 383 1179 prudens7
407 1098 511 1159 doctus
536 1098 678 1177 eloquens
702 1116 770 1158 acer
789 1106 818 1159 et
836 1098 992 1160 homiuum
1010 1102 1075 1161 aeri
1093 1101 1167 1161 lo⁶¹

133 1187 235 1268 populi
260 1190 306 1248 sui
329 1189 589 1266 ingeniosissimus
618 1189 728 1266 quique
751 1187 956 1249 indesinenter
979 1189 1060 1250 salva
1082 1185 1168 1250 reli*

135 1280 221 1356 gione
254 1276 529 1358 philosopharetur3
567 1283 597 1337 et
629 1275 699 1337 licet
730 1279 844 1337 crinem
876 1276 1060 1358 barbamque
1091 1284 1170 1340 non

93 1381 119 1420 10
133 1374 277 1447 pasceret,
309 1365 431 1445 pallium
464 1374 493 1425 et
521 1365 632 1426 clavam
660 1383 739 1426 nuno
767 1365 920 1447 inuideret,
953 1385 1035 1440 nuuc
1063 1371 1169 1429 etiarn

133 1463 333 1535 execraretur,
356 1474 373 1515 a
396 1454 519 1534 collegio
543 1462 643 1515 tamen
662 1454 941 1533 Conplatonioorum
965 1455 1030 1516 solo
1049 1456 1164 1518 habitu

134 1564 167 1605 ac
191 1544 248 1604 fide
273 1543 497 1604 dissociabatur.
536 1541 565 1604 2.
589 1544 662 1604 deus
685 1543 772 1624 bone,
795 1545 867 1623 quid
891 1551 955 1604 erat
972 1543 1057 1626 illud,
1080 1565 1166 1626 quo‘

133 1636 211 1694 tiens
244 1633 280 1693 ad
313 1651 381 1694 eum
413 1632 475 1693 sola
507 1632 733 1694 consultationis
763 1634 856 1711 gratia
887 1623 1163 1696 conveniebamus!

134 1741 222 1802 quam
245 1721 295 1783 ille
319 1721 455 1782 omnibus
484 1723 584 1782 statim
607 1729 703 1782 totum
725 1739 785 1781 non
809 1721 957 1802 dubitans,
985 1741 1047 1783 non
1071 1725 1165 1785 lasti‘

94 1822 120 1863 15
135 1810 219 1871 diens
239 1810 399 1890 aperiebat,
423 1810 717 1890 voluptuosissimum
736 1817 887 1892 reputans,
907 1813 933 1871 si
952 1811 1029 1873 lorte
1049 1813 1164 1874 oborta

135 1902 342 1979 quarumpiam
366 1901 572 1978 quaestionum
595 1898 808 1960 insolubilitate
835 1899 1032 1979 labyrinthica
1056 1904 1164 1963 scieu‘

133 1991 192 2049 tiae
216 2006 286 2048 suae
309 1988 442 2049 thesauri
465 1988 710 2068 eventilarentur3
733 1990 806 2068 iam,
833 1991 860 2048 si
882 1989 1057 2068 frequentes
1082 2009 1161 2052 con*

134 2077 318 2158 sederamus,
347 2077 477 2138 officium
500 2077 640 2138 audiendi
663 2077 814 2159 omnibus,
841 2079 894 2138 uni
923 2077 1035 2159 solum,
1064 2096 1159 2160 quem

133 2167 258 2227 forsitan
282 2164 483 2246 elegissemus,
506 2167 650 2246 deputans
673 2169 720 2228 ius
745 2166 898 2248 loquendi,
926 2169 1040 2228 viritim
1063 2172 1154 2230 vicis·

95 2269 120 2309 2⁰
135 2259 263 2337 simque,
296 2274 355 2315 non
387 2255 589 2316 tumultuatim
616 2274 671 2316 nec
700 2258 764 2316 sine
793 2256 952 2317 schematis
982 2259 1153 2338 cuiuspiam

134 2353 219 2425 gestu
242 2345 402 2405 artificioso
426 2344 577 2405 doctrinae
606 2363 675 2404 suae
700 2363 771 2424 opes
794 2353 979 2424 erogaturus
1027 2345 1057 2409 3.
1083 2348 1152 2408 dein

135 2452 338 2513 quaecumque
362 2434 488 2495 dixisset
516 2436 652 2512 protinus
676 2433 886 2495 reluctantium
910 2433 1150 2514 syllogismorum

134 2522 394 2584 contrarietatibus
435 2522 674 2603 excipiebamus3
719 2523 771 2583 sed
812 2522 974 2602 repellebat
1017 2527 1149 2586 omnium

134 2619 270 2672 nostrum
293 2614 467 2673 temerarias
487 2614 703 2690 oppositiones:
726 2613 825 2691 itaque
847 2610 921 2672 nihil
940 2630 1001 2672 non
1020 2632 1147 2694 perpen-

95 2712 121 2752 25
136 2719 202 2760 sum
225 2701 440 2781 probatumque
464 2700 672 2780 recipiebatur.
717 2700 787 2761 hinc
811 2703 900 2761 etiam
925 2700 970 2761 illi
993 2703 1074 2782 apud
1098 2722 1149 2764 nos

135 2792 262 2849 maxima
276 2793 441 2851 reverentia
457 2790 522 2869 fuit,
546 2789 624 2869 quod
638 2807 699 2850 non
714 2791 786 2849 satis
800 2788 914 2850 lerebat
927 2808 1015 2870 aegre
1035 2795 1149 2872 pigram

135 2880 167 2937 in
191 2877 379 2958 quibuspiam
401 2881 622 2958 sequacitatem.
658 2878 731 2938 haec
755 2878 832 2957 apud
856 2896 923 2939 eum
943 2878 1031 2960 culpa
1051 2884 1148 2943 venia·

135 2965 205 3026 bilis
232 2974 308 3048 erat3
341 2986 398 3047 quo
427 2968 527 3048 fiebat,
560 2976 639 3028 esset
666 2975 699 3028 ut
726 2967 813 3027 nohis
840 2968 983 3047 patientia
1016 2971 1150 3032 eiusdem

136 3057 201 3115 sine
225 3057 388 3116 imitatione
411 3055 575 3118 laudabilis.
613 3059 680 3135 quis
703 3058 783 3116 enim
806 3059 902 3117 virum
926 3075 1018 3138 super
1042 3059 1149 3121 abditis

136 3262 179 3316 N¹
192 3266 232 3331 {13
251 3263 333 3317 inser.
353 3280 402 3318 om.
423 3264 502 3330 le
522 3263 636 3332 ambigo
656 3262 770 3333 ambigo
789 3265 839 3334 Lfl
855 3270 887 3318 13
907 3264 969 3318 sole
987 3281 1039 3320 om.
1056 3265 1094 3335 F,
1112 3283 1150 3322 ee·

135 3335 218 3389 clusit
236 3334 412 3402 Luetjoharon
424 3337 434 3402 ΙΙ
450 3339 482 3389 14
502 3336 610 3388 statum
628 3341 686 3403 (um
704 3352 773 3391 corr.
792 3338 825 3390 in
842 3334 882 3388 im
901 3335 1005 3405 qu
1014 3340 1024 3408 ΙΙ
1039 3342 1073 3391 18
1088 3343 1151 3407 post

136 3405 266 3460 omnibus
295 3406 359 3460 add.
388 3403 556 3474 iniungebat
579 3407 757 3475 Duetjohaoo
787 3410 796 3477 [1
828 3414 861 3462 22
881 3406 1073 3462 reluctantem
1096 3410 1122 3463 Τ
1140 3408 1151 3480 ll

136 3484 169 3532 29
189 3478 288 3548 quisve
306 3478 339 3549 L,
360 3477 457 3547 quisae
476 3484 521 3546 (ae
541 3495 610 3535 erce.
630 3478 684 3548 N²t
692 3478 731 3547 N,
747 3481 810 3547 quis
829 3494 877 3533 a*
900 3478 950 3547 Vll
1053 3506 1056 3517 ·
