2414 3864
217 159 387 216 SIDONIUS
407 156 586 215 SIMPLICIO
606 159 675 215 SUO
695 159 874 215 SALUTEM.
1012 160 1030 224 7
1034 162 1052 224 9

69 307 219 370 sufflammat
246 308 370 389 invidia,
399 310 430 369 in
456 326 492 368 eo
516 311 576 368 iam
598 311 761 387 praecessit
784 310 913 369 vindicta
936 310 1054 391 pulsati,

67 397 124 474 quod
146 417 255 477 procax
281 399 392 477 petitor
420 404 541 476 sumptu
568 405 598 457 et
625 400 732 458 itinere
761 399 914 459 consectus
941 406 1054 460 temere

10 551 12 561 Ι
68 490 209 564 propositae
233 486 295 547 litis
319 486 444 547 exsudat
466 486 662 567 incommoda,
685 493 772 566 atque
796 488 852 548 hoc
876 488 907 546 in
926 491 1054 548 maximo

67 570 148 636 lienis
169 583 294 637 accentu
318 577 502 654 summisque
526 574 654 636 cumulis
672 578 786 636 nivium
805 578 975 655 crustisque
994 576 1054 655 gla-

67 663 165 747 cierum,
184 665 264 744 qnod
282 671 409 745 tempus,
429 672 573 745 quantum
587 665 623 725 ad
643 672 804 725 sectatores
819 665 917 725 litium
932 673 1053 746 spectat,
1081 682 1095 723 s

10 752 13 787 ³
66 747 130 813 breve
153 754 273 834 quidem
297 771 384 832 saepe
409 761 455 814 est
478 754 645 814 audientiae
671 753 722 814 sed
742 754 917 815 diuturnum
936 773 1054 833 semper

10 844 13 913 ξ
65 839 172 904 iniuriae.
211 841 284 903 vale.
760 841 763 847 ’

509 1032 581 1098 VII.

216 1155 384 1212 emortuus
404 1155 583 1212 SIMPLIOIO
603 1154 672 1212 SUO
692 1156 872 1213 SALUTEM.

113 1264 136 1329 1.
163 1269 244 1332 Solet
271 1270 371 1331 dicere
400 1266 582 1331 ‘currentem
609 1267 742 1351 mones’,
775 1273 826 1349 qui
854 1278 988 1349 rogatur,
1020 1278 1054 1331 ut

64 1351 128 1417 iaciat
149 1360 226 1438 quod
245 1360 377 1420 facturus
401 1360 498 1421 iuerat
520 1362 607 1421 etiam
628 1378 689 1421 non
708 1367 836 1438 rogatus.
873 1367 1050 1439 percontere
1066 1379 1092 1420 rc

64 1440 169 1529 forsitan,
192 1467 251 1528 quo
276 1455 391 1528 spectet
408 1450 465 1509 ista
483 1451 641 1528 praemitti.
675 1448 792 1509 baiulus
811 1451 928 1528 apicum
948 1449 1051 1509 sedulo

64 1544 190 1619 precatur,
222 1544 256 1598 ut
282 1537 318 1598 ad
347 1555 398 1597 vos
426 1557 443 1598 a
470 1556 518 1598 me
546 1537 660 1598 litteras
688 1538 776 1619 ierat,
808 1540 893 1598 cuius
921 1556 938 1598 a
966 1537 1052 1597 nobis

65 1619 147 1686 itincre
165 1634 317 1706 comperto
331 1626 362 1686 id
376 1629 476 1705 ipsum
490 1635 553 1688 erat
567 1629 680 1708 utique,
700 1629 726 1687 si
740 1628 890 1708 tacuisset,
910 1628 1052 1708 orandus3

65 1724 166 1793 nanque
188 1713 246 1776 boc
270 1715 400 1776 officium
425 1723 522 1776 vester
545 1717 645 1795 potius
668 1734 752 1777 amor
775 1735 864 1796 quam
888 1715 983 1795 geruli
1006 1734 1052 1776 re-

65 1810 159 1874 spectus
180 1804 290 1866 elicuit.
328 1811 461 1865 ceterum
484 1805 533 1866 hic
557 1807 621 1885 ipse
643 1804 824 1866 beneficium
848 1824 879 1866 se
902 1812 1052 1884 computat
1066 1823 1093 1865 15

65 1896 197 1975 uenisse,
226 1895 278 1974 qui
304 1895 467 1975 praestitit,
496 1913 674 1973 quamquam
704 1894 868 1956 identidem
898 1895 977 1973 quod
1000 1913 1052 1973 po-

65 1982 138 2048 poscit
157 1985 314 2064 acceperit,
338 1982 390 2043 sed
414 2001 489 2063 quae
513 1983 599 2044 nobis
623 1986 821 2045 amicitiarum
843 1986 910 2044 iura
929 1986 1052 2044 minime

65 2077 210 2140 ignoscens.
248 2069 277 2132 2.
297 2071 376 2132 unde
396 2091 575 2152 quamquam
593 2072 700 2133 absens
719 2073 805 2134 facile
825 2074 969 2153 coniecto,
994 2091 1051 2152 quc

64 2165 160 2230 repente
184 2169 305 2240 stupore
330 2162 463 2242 ferietur,
487 2181 555 2223 cum
577 2163 688 2223 intuitu
711 2164 807 2223 nostri
826 2162 983 2241 dignanter
1002 2161 1052 2222 ad-

63 2241 148 2310 missus
173 2249 355 2312 intellexerit
382 2268 414 2310 se
442 2254 580 2330 pagiuam
607 2270 704 2312 meam
731 2253 825 2330 magis
849 2253 944 2311 otiose
967 2250 1049 2328 ssagl—
1064 2271 1091 2310 20

64 2329 120 2395 tasse
140 2359 226 2419 quam
250 2339 377 2400 tradere.
424 2340 524 2400 videre
552 2340 626 2400 mihi
649 2340 764 2422 videor,
792 2346 825 2400 ut
852 2340 967 2399 homini
991 2357 1051 2399 non

63 2429 133 2516 lique
158 2429 194 2490 ad
219 2428 360 2489 invidiam
387 2430 537 2508 perfaceto
560 2447 634 2489 nora
659 2436 748 2490 erunt
771 2431 883 2509 omnia,
912 2447 980 2488 cum
1005 2431 1049 2488 in-

61 2509 174 2579 tutabitur
192 2519 371 2598 peregrinus
391 2517 427 2577 ad
447 2518 630 2578 domicilium
648 2518 784 2597 trepidus
799 2518 835 2578 ad
850 2516 1050 2597 conloquium,

59 2603 164 2667 luSticns
197 2606 234 2667 ad
263 2607 405 2667 laetitiam
432 2625 545 2686 pauper
573 2607 608 2666 ad
637 2625 784 2687 mensam,
817 2614 846 2667 et
877 2625 945 2666 cum
973 2605 1050 2685 apud

58 2687 143 2782 Psilos
170 2714 388 2775 caeparumque
417 2695 546 2775 crapulis
574 2695 743 2756 esculentos
770 2696 819 2757 hic
846 2702 911 2774 agat
934 2695 1048 2776 vulgus,
1064 2717 1090 2757 25

57 2763 101 2832 ¹¹¹¹ss
122 2801 151 2844 ea
171 2786 310 2846 comitate
330 2783 548 2866 retractabitur,
571 2803 605 2846 ac
625 2787 651 2845 si
671 2787 749 2845 inter
768 2786 887 2864 Apicios
907 2784 1049 2863 epulones

54 2859 74 2912 ⁰²
90 2860 264 2951 Byzantinos
287 2873 529 2934 chironomontas
550 2874 705 2953 hucusque
725 2876 893 2935 ructaverit.
927 2871 956 2935 3.
977 2862 1049 2934 atta-

51 2955 106 3049 Ψῗῦ
130 2962 224 3042 qualis
248 2965 312 3042 ipse
337 2970 523 3042 quantusque
547 2969 601 3043 est,
623 2966 799 3043 percopiose
823 2980 870 3023 me
890 2962 981 3023 officii
1000 2982 1048 3023 vc-

48 3031 87 3095 ¹¹l¹
118 3059 282 3131 compotem
310 3052 388 3111 iecit.
436 3051 486 3111 sed
516 3070 694 3131 quamquam
726 3052 933 3112 huiuscemodi
961 3071 1049 3130 saepe

43 3129 182 3202 personae
206 3139 403 3220 despicabiles
427 3141 520 3201 terme
545 3148 623 3222 sont,
645 3143 677 3201 in
701 3139 851 3201 sodalibus
873 3148 973 3202 tamen
996 3159 1050 3219 per
1063 3162 1089 3200 ao

32 3365 45 3402 γ
103 3313 220 3368 8ioscr.
241 3329 290 3367 ona
310 3312 337 3366 L
401 3316 436 3365 25
454 3311 554 3380 vulgas
573 3312 600 3364 L
626 3318 651 3366 et
673 3317 754 3368 (corr.
773 3314 805 3366 to
826 3312 928 3379 vulgus
947 3310 1048 3378 N¹)N‚

46 3357 132 3435 “leae
149 3391 181 3440 ot
197 3385 254 3440 aea.
274 3383 321 3454 Vp
335 3390 370 3437 sc
389 3382 590 3437 retractantur
609 3382 784 3452 rouro,
802 3381 973 3436 tractabitur
993 3380 1027 3434 0²
1040 3380 1055 3451 q

29 3426 67 3542 5⁷.
78 3446 312 3534 thronomontas
328 3454 393 3509 VM
397 3454 420 3508 C
429 3457 440 3522 ll
454 3461 487 3508 28
502 3471 541 3509 oo
555 3453 647 3524 qualis
662 3453 725 3526 ipse
739 3454 923 3533 <cumque5‘t
934 3456 999 3520 libb
1019 3449 1065 3502 dx-

40 3511 187 3579 Plcabnos
201 3525 289 3578 ferme
301 3528 368 3578 sunt
380 3526 445 3595 M,
467 3526 664 3599 despicabiles
681 3533 752 3590 sunt
764 3530 859 3589 lema
873 3521 1085 3602 qsasqicsunes
