2414 3864
226 111 392 169 SIDONIUS
412 111 667 168 BURGUNDIONI
686 111 755 168 SUO
775 111 956 167 SALUTEM.
1033 112 1098 177 229

23 338 26 343 Ι
85 248 284 339 Hippocraten
316 262 352 322 de
381 261 556 342 corporibus
585 261 798 342 disputantem3
828 261 936 340 dignus
969 264 1099 342 omnino,

87 357 176 417 quem
200 348 408 430 plausibilibus
438 350 531 411 Roma
558 351 672 411 foveret
698 349 777 410 ulnis
806 368 923 429 quoque
956 353 1099 411 recitante

87 441 257 516 crepitantis
271 439 414 501 Athenaei
433 437 573 500 subsellia
592 446 716 500 cuneata
736 445 937 518 quaterentur.
970 437 999 499 3.
1020 440 1099 518 quod

86 528 189 594 procul
211 527 301 589 dubio
326 528 556 608 consequebare,
579 531 605 588 si
628 530 710 607 pacis
733 526 849 607 locique
874 528 1007 589 condicio
1031 546 1098 606 per-

87 611 229 698 mitteret,
252 625 286 678 ut
307 616 369 678 illic
393 619 558 678 senatoriae
582 619 744 678 iuventutis
768 616 963 677 contubernio
987 618 1098 677 mixtus
1126 633 1139 674 5

10 727 12 731 ·
87 705 248 767 erudirere.
291 708 377 767 cuius
400 713 429 766 te
453 706 564 784 gloriae
588 708 701 785 pariter
724 725 757 767 ac
781 706 874 766 famae
898 724 1036 785 capacem
1060 706 1097 766 de

86 797 226 856 orationis
250 802 317 857 tuac
342 794 482 874 qualitate
506 798 654 876 coniecto,
687 798 719 855 in
747 814 804 874 qua
833 802 863 855 te
887 795 1097 855 decentissime

84 889 180 959 ¹lupen
202 885 413 963 pronuntiante
438 902 513 963 quae
532 885 653 964 quidem
672 885 837 962 scripseras
857 883 1098 963 extemporaliter

84 962 306 1033 admirabantur
337 971 480 1054 benivoli,
516 973 700 1033 mirabantur
738 971 872 1054 superbi,
905 972 1098 1033 morabantur

81 1061 181 1126 nemu
229 1061 281 1122 sed
313 1080 350 1122 ne
384 1061 573 1141 impudenter
604 1060 813 1122 verecundiam
846 1069 927 1121 tuam
959 1061 1097 1121 laudibus
1112 1080 1138 1119 ιο

82 1142 187 1211 nimiis
211 1148 289 1211 ultro
312 1169 492 1231 premamus,
510 1152 669 1231 praeconia
691 1158 742 1211 tua
765 1151 874 1210 iustius
898 1149 933 1209 de
957 1157 987 1210 te
1011 1169 1100 1229 quam

80 1227 138 1297 tibi
156 1238 323 1300 scribimus.
359 1241 417 1300 hoc
435 1242 544 1320 potius,
562 1240 642 1299 unde
662 1246 707 1300 est
725 1257 813 1300 causa
832 1241 988 1320 sermonis,
1007 1241 1099 1299 intro-

78 1322 247 1390 mittamus.
292 1326 322 1389 4.
361 1331 453 1407 igitur
485 1331 652 1407 interrogas
682 1347 736 1407 per
767 1326 989 1409 pugillatorem,
1025 1347 1099 1407 quos

76 1419 277 1479 recurrentes
304 1436 435 1478 asseram
465 1436 583 1498 versuS,
612 1424 646 1478 ut
673 1417 753 1477 celer
781 1418 939 1498 explicem,
964 1417 1016 1477 sed
1044 1416 1099 1478 sub

75 1505 229 1587 exempto.
275 1506 308 1566 hi
330 1509 473 1567 nimirum
497 1513 566 1566 sunt
589 1512 787 1586 recurrentes,
811 1508 862 1584 qui
884 1513 979 1566 metro
1004 1513 1140 1566 stamen

73 1596 184 1674 ¹1eque
207 1595 318 1656 litteris
341 1596 406 1656 loco
429 1597 518 1655 motis
542 1602 575 1655 ut
599 1594 634 1655 ab
659 1595 779 1655 exordio
804 1595 840 1654 ad
863 1597 1033 1676 terminium,
1058 1597 1100 1656 sic

10 1688 12 1699 '
71 1685 82 1727 ἃ
111 1680 185 1745 fine
208 1683 383 1763 releguntur
406 1684 441 1744 ad
466 1702 623 1745 summum.
661 1686 704 1744 sie
728 1691 774 1744 est
792 1682 864 1744 illud
888 1686 1056 1763 antiquum:

277 1807 369 1869 Roma
393 1808 449 1869 tibi
472 1808 570 1869 subito
594 1808 725 1869 motibus
749 1808 805 1869 ibit
828 1827 910 1869 amor

66 1895 118 1974 [et
152 1915 242 1977 mua:

255 2020 317 2082 sole
340 2021 460 2083 medere
483 2022 573 2103 pede,
597 2022 651 2082 ede
675 2021 785 2101 perede
809 2021 926 2099 melos]
1114 2039 1140 2078 ro

63 2122 91 2188 5·
148 2164 288 2208 necnon
311 2145 458 2207 habentur
485 2165 539 2226 pro
567 2146 805 2227 recurrentibus,
829 2149 881 2225 qui
903 2146 1013 2225 pedum
1036 2144 1101 2223 lege

63 2231 204 2297 sePrata
232 2237 289 2296 etsi
316 2253 377 2295 non
404 2254 458 2314 per
486 2235 619 2314 singulos
646 2237 759 2316 apices,
786 2254 841 2314 per
864 2232 979 2314 singula
1003 2242 1101 2294 tamen

61 2320 176 2386 le1·ba
209 2322 406 2405 replicantur,
438 2331 472 2385 ut
503 2331 550 2385 est
577 2343 670 2384 unum
694 2324 841 2384 distichon
864 2341 964 2383 meum
988 2316 1100 2406 (qualia

61 2410 155 2474 reor
178 2411 318 2492 equidem
341 2412 400 2491 legi
423 2412 514 2473 multa
537 2406 723 2495 multorum),
752 2413 830 2490 quod
855 2412 890 2472 de
914 2411 1010 2472 rivulo
1033 2411 1100 2491 lusi,

62 2497 136 2559 qui
156 2503 314 2582 repentino
333 2501 530 2580 procellarum
544 2509 646 2581 pastus
665 2501 771 2581 illapsu
784 2500 995 2580 publicumque
1015 2519 1100 2578 agge·
1115 2517 1141 2557 25

61 2585 151 2670 fen]
179 2591 354 2670 confragoso
387 2590 498 2651 diluvio
532 2609 745 2670 supergressus
779 2589 896 2650 subdita
929 2592 992 2650 viae
1022 2589 1100 2650 culta

61 2674 293 2760 111undavcrat,
326 2698 504 2759 quamquam
537 2680 727 2758 depositurus
759 2680 894 2739 insanam
917 2696 985 2738 mox
1009 2677 1100 2738 abun·

61 2745 226 2853 d{¹11tiam,
249 2770 358 2848 quippe
383 2787 471 2847 quam
493 2768 601 2848 pluviis
621 2767 834 2847 appendicibus
853 2770 1100 2828 intumescentem

61 2843 118 2937 ΡΠ
156 2875 285 2936 superna
312 2875 404 2917 venae
433 2860 576 2936 perennis
606 2858 739 2936 pondera
761 2857 907 2917 inflarent.
949 2855 978 2918 6.
1009 2858 1100 2935 igitur

62 2940 155 3007 lstic
187 2938 270 3030 (nam
296 2947 392 3006 viator
424 2941 631 3030 adveneram),
663 2946 733 3006 dum
762 2948 856 3024 magis
888 2947 984 3025 ripam
1012 2964 1101 3024 quam
1114 2963 1140 3003 eo

68 3094 99 3150 Ρ
106 3107 195 3187 Fufi
213 3114 443 3187 pronuntiantem
457 3117 633 3186 Iacetjolmnn
649 3122 653 3183 Ι
670 3133 742 3185 quoe
761 3133 811 3172 om.
828 3116 852 3172 0
861 3119 871 3187 l
890 3122 905 3170 9
925 3115 1101 3170 mirabantur

71 3174 97 3223 ⁶²
125 3189 312 3243 morabantur
329 3190 378 3245 ool
395 3206 420 3257 o,
438 3188 614 3242 mirabuntur
632 3195 657 3245 et
674 3189 859 3242 morabuntur
873 3190 949 3244 codol.
964 3189 973 3257 ll
989 3193 1022 3242 18
1037 3194 1101 3258 poet

75 3255 168 3312 8¹1nor
185 3261 285 3331 legitur
302 3261 335 3314 iro
379 3281 389 3313 .·
417 3261 453 3313 ct.
491 3259 515 3312 si
538 3259 609 3314 bone
633 3261 662 3313 tc
685 3262 736 3313 tua
758 3259 821 3313 leus
844 3262 925 3314 taxat
948 3275 999 3312 sua
1022 3258 1101 3311 laute

77 3311 196 3384 tenebis
222 3331 232 3400 l
260 3335 293 3384 19
317 3332 347 3384 et
373 3329 445 3383 illud
471 3347 556 3400 oeque
583 3332 620 3386 od
642 3332 731 3385 melos
754 3332 864 3386 seclusit
888 3330 1065 3398 Iacetjobowe
1091 3328 1105 3399 ll

83 3386 123 3443 Ἃ)
163 3401 225 3456 edes
241 3401 273 3457 F
283 3404 292 3470 l
306 3406 340 3455 23
359 3400 457 3469 verbo]
476 3402 602 3456 membra
616 3401 647 3457 F
660 3407 669 3471 ΙΙ
683 3407 719 3458 24
737 3401 875 3472 equidem
887 3401 931 3471 F,
946 3404 981 3455 eb
995 3398 1121 3466 umbem

90 3453 127 3513 Μ
156 3471 246 3543 ΡΜ·
263 3472 339 3526 culta
359 3470 420 3526 rice
442 3472 487 3545 Ol
499 3479 534 3531 29
553 3474 647 3532 nichil
666 3477 704 3551 P,
721 3476 801 3533 nihil
823 3477 890 3548 Ml,
