2414 3864
385 169 536 224 CARMEN
555 169 600 226 XI.
936 169 1001 237 309

79 321 200 384 Euadne
224 322 255 380 in
279 320 411 380 flammas
435 326 464 379 et
487 319 598 379 Sestias
621 305 695 380 isset
717 321 749 380 in
773 315 887 381 undas.'

122 410 176 472 His
199 410 272 470 haec
295 408 344 468 illa
367 409 472 468 refert:
496 404 685 488 ‘Gaudemus
708 415 786 490 nate,
809 409 951 470 rebellem

79 500 159 580 qnod
184 501 277 559 rincis
300 497 460 575 laudasque
483 499 593 578 virum,
617 498 668 557 sed
693 497 786 557 forma
809 498 922 577 puellae
947 507 1003 582 est,

80 607 169 668 quam
193 589 220 648 si
243 593 406 667 spectasset
430 586 578 664 quondam
601 586 816 648 Stheneboeius
839 587 936 667 heros,

79 696 139 738 non
162 695 217 756 pro
241 682 411 754 contemptu
434 674 598 735 domuisset
619 683 751 736 monstra
775 675 958 758 Chimaeram

80 765 345 826 Thermodontiaca
369 763 415 825 rel
439 766 491 842 qui
513 766 664 842 genetrice
689 765 835 844 superbus

81 857 193 934 sprevit
216 853 377 914 Gnosiacae
400 855 558 912 temeraria
581 859 647 913 vota
670 871 823 935 novercae,

81 945 135 1004 hac
158 946 221 1003 risa
244 942 402 1023 occiderat,
425 941 528 1023 fateor,
552 942 604 1002 sed
628 945 753 1003 crimine
776 961 861 1025 rer03

82 1040 111 1092 et
134 1035 161 1093 si
184 1031 294 1092 iudicio
317 1030 417 1090 forsan
440 1030 514 1089 mihi
538 1038 641 1109 quarta
665 1032 778 1111 fuisset,

81 1140 127 1181 me
153 1138 269 1200 quoque
293 1119 423 1179 Rhoetea
447 1119 616 1179 damnasset
638 1128 739 1198 pastor
761 1122 793 1180 in
815 1121 879 1202 ida,

82 1206 225 1271 ‘vincere'
248 1208 294 1269 vel
318 1205 356 1268 ‘si
380 1215 473 1288 optas,
495 1210 582 1268 istam
606 1208 652 1289 da,
675 1209 760 1289 malo,
784 1205 923 1289 puellam'

81 1300 211 1360 dixerat:
238 1299 315 1358 hanc
343 1296 482 1357 dederam
510 1297 636 1357 formam
658 1316 712 1376 pro
736 1316 859 1358 munere
883 1299 1004 1360 forrnae.

81 1396 180 1449 tantus
204 1388 299 1447 honor
322 1388 485 1464 geniusque
509 1389 606 1468 genis3
630 1386 735 1447 collata
758 1385 861 1447 rubori

81 1477 189 1557 pallida
212 1476 302 1536 blatta
325 1475 396 1535 latet
419 1474 619 1554 depressaque
642 1475 754 1536 lumine
777 1475 876 1536 vultus

82 1568 256 1645 nigrescunt
278 1567 376 1623 vincto
399 1563 538 1624 bacarum
562 1564 678 1642 fulgura
701 1564 783 1625 collo.

80 1663 109 1716 te
129 1673 247 1734 quoque
270 1652 452 1713 multimodis
475 1652 627 1733 ambisset,
648 1652 779 1735 Hiberia,
801 1653 879 1714 ludis

81 1763 134 1805 axe
158 1742 273 1822 Pelops,
297 1760 386 1802 cursu
408 1740 608 1821 Hippomenes
631 1741 768 1820 luctaque
790 1742 944 1824 Achelous,

81 1833 195 1893 Aeneas
218 1831 314 1910 hellis,
338 1837 487 1910 spectatus
511 1829 646 1909 Gorgone
669 1830 809 1913 Perseus3

80 1941 136 1982 nec
160 1923 258 1980 minor
280 1920 353 1980 haec
377 1922 501 1999 specieS,
524 1922 633 1980 totiens
657 1922 705 1981 cui
726 1919 859 2001 luppiter
882 1929 961 1982 esset

80 2010 172 2090 Delia,
195 2016 308 2089 taurus,
331 2008 403 2088 olor,
427 2007 559 2090 Satyrus,
582 2008 679 2090 draco,
703 2009 814 2071 fulmen
838 2016 868 2070 et
891 2029 1003 2072 aurum.

81 2117 173 2179 quare
197 2116 259 2179 age,
282 2100 454 2178 iungantur,
478 2116 545 2157 nam
570 2116 686 2179 census,
710 2099 803 2160 forma
826 2118 979 2179 genusque

81 2189 274 2250 conveniunt:
297 2185 339 2245 nil
362 2186 410 2246 hic
434 2186 534 2264 dispar
556 2193 607 2246 tua
630 2188 694 2248 fixit
716 2188 858 2249 harundo.

81 2278 134 2338 sed
160 2276 231 2354 quid
254 2282 320 2335 rota
344 2269 477 2334 moror?'
502 2275 577 2335 dixit
600 2295 779 2355 currumque
803 2279 947 2357 poposcit,

82 2368 132 2427 cui
156 2365 299 2426 dederant
322 2362 458 2442 crystalla
481 2365 591 2444 iugum,
615 2383 689 2443 quae
713 2365 822 2443 frigore
845 2367 952 2447 primo,

83 2455 165 2515 orbis
189 2454 284 2514 adhuc
306 2454 404 2512 teneri
426 2451 534 2530 glacies
558 2452 609 2514 ubi
633 2452 784 2514 Caucason
807 2460 903 2535 auget,

81 2545 203 2604 strinxit
224 2540 425 2622 Hyperboreis
448 2541 597 2602 Tanaitica
621 2549 720 2602 crusta
742 2545 859 2622 pruinis

83 2639 220 2694 naturam
244 2649 365 2692 sumens
388 2648 530 2709 gemmae,
554 2633 622 2709 quia
644 2631 775 2709 perdidit
796 2632 901 2693 undae.

82 2722 214 2801 perforat
235 2721 315 2781 hunc
338 2717 417 2780 fulvo
440 2719 583 2779 formatus
604 2726 684 2780 temo
708 2720 839 2802 metallo,

82 2813 206 2870 miserat
228 2810 284 2870 hnc
307 2809 423 2888 fluvius,
447 2810 531 2868 cuius
556 2807 611 2869 sub
634 2811 750 2888 gurgite
773 2809 923 2890 Nymphae

81 2899 271 2979 Mygdonium
294 2899 393 2958 fovere
416 2896 533 2977 blidam,
558 2900 609 2977 qui
631 2917 744 2978 pauper
767 2901 797 2958 in
821 2916 893 2959 auro

81 2989 185 3049 ditavit
206 2990 302 3048 versis
324 2985 435 3047 Pactoli
457 2986 579 3047 flumina
602 2990 686 3048 rotis.

82 3077 220 3157 splendet
241 3079 400 3156 perspicuo
424 3076 523 3135 radios
546 3082 610 3136 rota
634 3078 765 3154 margine
790 3077 912 3155 cingens
958 3120 1004 3155 ,κ

79 3165 273 3226 Marmaricae
297 3165 333 3225 de
357 3165 441 3224 fauce
465 3164 554 3246 ferae,
578 3164 648 3224 dum
670 3164 757 3225 helua
781 3168 879 3226 curvis

73 3396 96 3445 ‘b
116 3388 281 3444 Chimaerae
299 3390 393 3460 culpo:
412 3387 516 3443 cietrae
535 3389 642 3456 (oietrel
661 3391 736 3444 codd.
751 3391 761 3458 ll
776 3395 808 3443 ‘19
827 3407 866 3444 cn
883 3387 913 3442 in
932 3387 1003 3442 iudi-

73 3461 249 3531 Laetjobauo
261 3463 271 3530 u
285 3466 318 3516 85
333 3459 428 3514 iuncto
440 3458 483 3529 011
498 3465 531 3513 92
547 3459 612 3513 binc
622 3460 650 3514 P
660 3465 670 3530 ΙΙ
684 3467 717 3515 98
732 3461 806 3514 hunc
821 3463 1001 3528 (occurram)

73 3533 144 3586 hanc
161 3533 254 3600 codd.,·
271 3549 309 3587 aaa
326 3531 415 3587 haec?
433 3531 707 3606 Loety‘ohouolttb‘t
723 3530 881 3603 perspicue
898 3529 953 3593 (ih
