2414 3864
258 143 425 200 SIDONIUS
445 143 614 199 SECUNDO
633 142 702 198 SUO
723 142 899 201 SALUTEM.
1047 144 1091 210 65

48 298 56 373 ξ
95 290 150 371 liqui
173 296 301 372 pretium
329 293 436 374 lapidis
465 295 624 373 operisque
653 294 830 354 mercedem.
883 313 1002 355 carmen
1032 293 1089 354 hoc

48 376 56 449 'r
96 398 155 463 sane,
172 383 248 462 quod
267 390 477 463 consequetur,
497 390 583 443 nocte
602 384 738 461 proxima
757 383 823 463 leci,
842 402 902 443 non
917 383 1088 464 expolitum,

97 471 175 552 credo,
201 472 280 552 quod
309 474 373 532 viae
402 490 462 532 non
490 490 596 550 parum
624 473 764 532 intentus.
803 469 831 533 5.
857 472 935 552 quod
963 479 1031 551 peto
1055 479 1089 533 ut

96 558 196 641 tabidae,
219 560 523 641 quantulumcumque
548 567 602 641 est,
626 561 764 622 celeriter
783 561 916 642 indatur3
940 561 993 622 sed
1012 561 1088 642 vide,

97 654 120 705 ut
136 652 229 710 vitium
253 668 313 710 non
336 650 424 710 faciat
447 652 479 710 in
502 668 649 710 marmore
673 650 844 732 lapidicida3
873 650 951 729 quod
978 651 1088 711 lactum
1115 667 1129 708 s

96 737 141 796 sire
160 739 192 799 ah
215 739 364 800 industria
388 757 440 799 seu
464 757 519 818 per
537 741 683 799 incuriam
702 740 776 799 mihi
794 742 888 817 magis
909 758 996 818 quam
1016 758 1088 818 qua-

96 823 198 888 dratario
222 828 331 888 lividus
355 828 448 888 lector
472 826 629 888 adscribet.
675 846 729 907 ego
753 847 837 909 vero,
866 830 892 888 si
914 831 963 907 pio
989 828 1087 888 studio

48 912 53 1001 ᾗ
96 924 172 991 rogata
194 919 360 997 curaveris,
389 919 432 977 sie
456 935 539 995 agam
563 919 686 999 gratias,
716 920 801 996 quasi
824 917 866 978 nil
890 916 945 978 tihi
969 935 1087 997 quoque

48 1006 52 1089 l
96 998 168 1064 landis
189 1014 238 1067 aut
261 1005 371 1085 gloriae
396 1006 525 1085 accedat,
549 1024 637 1084 quem
660 1013 766 1086 patruo
787 1015 838 1067 tuo
858 1013 972 1067 remoto
992 1007 1087 1068 solida

48 1112 50 1119 ·
95 1097 234 1165 praesentis
259 1095 350 1155 olficii
375 1093 543 1155 sollicitudo
572 1097 732 1156 mansisset
754 1114 808 1174 pro
837 1096 930 1176 gradu
953 1099 1085 1157 seminis
1101 1116 1128 1157 ro

191 1219 299 1280 Serum
321 1226 389 1298 post
411 1225 534 1298 patruos
557 1226 730 1299 patremque
755 1239 875 1281 carmen

140 1348 142 1350 -
189 1309 268 1370 haud
292 1308 432 1387 indignus
456 1326 508 1368 avo
531 1326 625 1388 nepos
651 1310 754 1390 dicavi,

190 1416 226 1458 ne
251 1398 313 1458 fors
336 1405 470 1477 tempore
495 1405 647 1479 postumo,
671 1401 774 1479 viator,

191 1490 331 1566 ignorans
355 1489 552 1547 reverentiam
576 1487 685 1566 sepulti

157 1586 170 1634 5
192 1576 329 1637 tellurem
352 1582 466 1636 tereres
490 1578 698 1655 inaggeratam.

101 1719 104 1725 .
190 1664 358 1744 praefectus
382 1666 459 1725 iacet
481 1665 530 1725 hic
553 1664 739 1746 ApollinariS,

189 1761 257 1833 post
279 1755 428 1832 praetoria
452 1761 532 1814 recta
556 1752 717 1814 Galliarum

190 1845 351 1903 maerentis
374 1844 487 1921 patriae
512 1845 580 1904 sinu
602 1850 751 1924 receptuS,

189 1931 430 1993 consultissimus
454 1932 691 2011 utilissimusque

142 2029 168 2079 10
190 2023 269 2082 ruris
293 2020 417 2080 militiae
441 2021 556 2100 forique
581 2021 684 2102 cultor,

190 2109 384 2189 exemploque
409 2108 475 2169 aliis
498 2110 666 2188 periculoso

189 2198 266 2259 liber
290 2198 345 2259 sub
369 2197 590 2259 dominantibus
613 2201 755 2277 tyrannis

190 2289 263 2348 haec
287 2287 340 2348 sed
363 2290 491 2347 maxima
515 2288 644 2366 dignitas
667 2287 819 2368 probatur,

189 2377 268 2456 quod
291 2377 420 2437 frontem
444 2395 546 2457 cruce,
569 2376 703 2437 membra
726 2377 806 2437 lonte
829 2394 960 2456 purgans

141 2475 168 2524 15
189 2468 305 2545 primus
329 2465 366 2525 de
389 2484 514 2526 numero
537 2474 656 2545 patrum
680 2483 803 2526 suorum

190 2557 284 2615 sacris
308 2553 461 2634 sacrilegis
484 2557 673 2615 renuntiavit.

188 2643 245 2704 hoo
268 2645 399 2723 primum
422 2650 469 2703 est
492 2644 591 2724 decus,
614 2643 687 2704 haec
711 2642 839 2722 superba
862 2645 965 2724 virtus,

190 2751 242 2812 spe
265 2733 458 2813 praecedere,
483 2751 557 2812 quos
580 2732 693 2793 honore
717 2735 831 2812 iungas,

190 2823 300 2901 quique
323 2820 372 2882 hic
397 2829 466 2881 sunt
488 2821 583 2882 titulis
606 2840 694 2901 pares
717 2828 866 2902 parentes

141 2910 245 2970 rohos
268 2910 329 2971 illic
352 2913 468 2972 meritis
493 2913 692 2990 supervenire.

94 3016 198 3126 53Novi
225 3035 345 3114 quidem
368 3038 499 3096 auctoris
522 3038 618 3096 nostri
641 3054 701 3096 non
725 3035 906 3115 respondere
930 3035 1082 3097 doctrinae

94 3122 211 3199 tpltaphii
235 3124 414 3203 qualitatem,
439 3125 491 3185 sed
515 3128 612 3185 anima
631 3128 726 3205 perita
746 3127 875 3185 musicas
895 3143 955 3184 non
973 3126 1083 3185 refutat

150 3295 267 3364 tmagis
286 3294 373 3348 michi
393 3295 417 3350 O
434 3296 438 3364 Ι
460 3296 642 3364 quadratorio
667 3300 747 3364 (corr.
766 3297 799 3350 iro
823 3295 1006 3363 quadratario
1025 3295 1084 3362 M‘)

94 3346 188 3440 Moli
200 3372 216 3419 9
230 3373 295 3436 post
312 3368 413 3435 patruo
432 3371 483 3421 tuo
506 3368 579 3438 quod
597 3370 645 3439 lep.
665 3368 711 3421 vel
728 3383 773 3420 me
792 3369 824 3422 tn
842 3367 968 3435 mor,
991 3366 1021 3420 id
1041 3369 1085 3420 est

94 3432 237 3574 ἓὲῒῗίῧθει
254 3439 286 3492 iu
307 3455 362 3493 rue.
382 3437 442 3506 Μ’)
466 3441 498 3493 iu
515 3439 554 3493 M
572 3440 669 3496 delevit
688 3438 869 3511 Luetjoluouu
889 3439 910 3510 ll
929 3456 961 3493 u.
971 3442 1015 3491 iu
1026 3453 1099 3505 pux-

121 3589 275 3642 Aeormmrs
287 3606 323 3645 od,
337 3607 425 3648 Moht.
943 3606 963 3656 ἶ)
