2414 3864
220 179 390 247 sinentes
407 177 554 234 conlcto
578 179 647 234 SUO
666 178 844 235 SALUTEM.

128 343 161 392 45
184 334 249 410 ipse
272 328 321 389 hio
343 329 498 390 Parthicus
521 329 645 389 Arsaces
668 336 821 409 precatur,

183 419 267 481 aulae
291 417 408 479 Susidis
431 425 465 478 ut
487 424 590 485 tenere
614 417 732 477 culmen

185 510 281 589 possit
304 507 423 567 loedere
448 505 502 567 sub
527 505 704 585 stipendiali.

183 616 252 659 nam
275 596 354 675 quod
376 594 511 675 partibus
534 613 615 656 arma
638 594 837 673 Bosphoranis

184 686 289 766 grandi
311 684 381 745 hinc
404 703 527 763 surgere
552 687 643 745 sentit
665 692 820 765 apparatu,

130 787 161 836 oo
183 783 326 836 maestam
348 773 470 835 Persida
493 775 552 833 iam
576 791 681 834 sonum
704 773 740 833 ad
764 773 855 834 duelli

183 867 247 943 ripa
270 863 452 941 Euphratide
475 865 524 922 vix
546 869 631 942 putat
654 862 809 944 tuendam3

184 955 236 1032 qui
258 958 382 1031 cognata
405 951 475 1012 licet
498 950 556 1011 sihi
580 959 658 1011 astra
681 952 797 1030 fingens

181 1040 317 1102 Phoebea
339 1047 452 1102 tumeat
474 1042 713 1121 propinquitate,

184 1129 339 1192 mortalem
361 1130 410 1190 hic
433 1137 532 1189 tamen
555 1129 658 1208 implet
681 1128 873 1190 obsecrando.

127 1232 159 1281 55
181 1218 254 1280 haec
277 1221 356 1280 inter
378 1221 503 1278 terimus
526 1236 624 1278 moras
647 1221 760 1279 inanes.

183 1308 235 1370 sed
258 1315 304 1389 tu,
327 1307 441 1387 Tityre,
464 1325 553 1386 parce
576 1325 752 1387 provocare3

182 1416 250 1458 nam
273 1414 334 1456 non
357 1395 474 1457 invideo
498 1398 651 1474 magisque
674 1398 783 1477 miror,

182 1489 245 1568 qui,
269 1486 340 1546 dum
362 1485 404 1545 nil
427 1503 545 1544 mereor
567 1502 731 1565 precesque
755 1486 866 1545 frustra

181 1575 334 1656 impende,
357 1572 519 1634 Meliboeus
543 1592 608 1633 esse
633 1576 726 1652 coepi.

91 1697 119 1761 6.
142 1697 187 1759 En
211 1717 339 1779 carmen,
363 1698 442 1777 quod
460 1716 618 1758 recenseas
637 1697 816 1758 otiabundus
839 1704 1034 1776 nostrumque

70 1784 164 1848 lorem
183 1807 216 1849 ac
235 1787 387 1867 pulverem
407 1794 543 1866 spectans
562 1785 653 1846 veluti
672 1789 731 1846 iam
755 1793 913 1847 coronatus
933 1789 1036 1866 auriga

88 1877 184 1956 podio.
231 1877 267 1937 de
295 1875 410 1955 reliquo
438 1894 499 1936 non
526 1882 572 1936 est
600 1875 679 1954 quod
707 1877 869 1955 suspiceris
901 1895 955 1956 par
987 1895 1034 1936 me

70 1968 113 2026 lcii
136 1984 229 2045 genus
252 1968 463 2045 repetiturum,
487 1966 604 2024 etiamsi
626 1964 773 2025 delectere
797 1968 956 2046 praesenti,
974 1967 1035 2026 nisi

70 2071 105 2114 us
132 2057 196 2134 ipse
224 2055 390 2115 destiterim
417 2055 570 2114 vaticinari
598 2056 691 2132 magis
720 2053 825 2113 damna
853 2073 942 2133 quam
970 2072 1033 2114 car·
1061 2069 1074 2111 a

70 2159 108 2204 aa.
149 2143 221 2204 vale.

506 2298 544 2363 X.

217 2419 384 2475 SIDONIUS
403 2419 550 2498 teutatem
571 2419 638 2475 SUO
659 2417 837 2474 SALUTEM.
919 2490 920 2494 Ἰ

91 2533 117 2595 1.
149 2535 223 2595 Esse
246 2533 302 2594 tihi
329 2536 397 2593 usui
427 2535 539 2612 pariter
567 2540 597 2592 et
625 2533 708 2593 cordi
739 2531 853 2591 litteras
882 2531 1034 2610 granditer

70 2622 141 2684 ideo.
182 2642 253 2683 nam
272 2622 372 2683 stilum
390 2629 523 2682 vestrum
542 2628 649 2700 quanta
673 2623 830 2682 comitetur
852 2620 899 2680 vel
917 2620 1034 2681 llamma

70 2725 164 2772 tsuum
196 2712 242 2771 vel
272 2711 351 2772 unda
384 2729 567 2790 sermonum,
600 2710 723 2770 liberius
754 2728 932 2790 assererem,
964 2712 1075 2792 nisi,1o

70 2815 96 2859 m
116 2819 163 2862 me
186 2801 306 2862 laudare
330 2819 389 2860 non
416 2818 521 2879 parum
546 2800 661 2881 studes,
684 2799 797 2860 laudari
819 2798 981 2879 plurimum
1004 2806 1033 2860 te

70 2903 144 2950 ares.
186 2897 216 2950 et
239 2907 417 2969 quamquam
440 2891 472 2948 in
495 2888 622 2969 epistula
644 2896 694 2949 tua
718 2894 816 2948 servet
839 2890 945 2948 caritas
969 2888 1034 2948 dul-

70 2971 170 3060 linem,
202 2987 307 3039 natura
335 2978 515 3058 facundiam,
547 2980 654 3057 peritia
682 2977 882 3057 disciplinam,
913 2978 945 3036 in
973 2977 1035 3038 sola

70 3069 161 3127 tteriae
184 3074 284 3128 tamen
308 3067 452 3127 electione
476 3069 619 3147 peccasti,
646 3066 716 3126 licet
743 3065 773 3125 id
796 3067 895 3144 ipsum
918 3067 1034 3144 praedi·
1152 3067 1154 3070 ’

70 3154 204 3233 ripossit
232 3159 264 3217 in
291 3163 372 3236 voto,
404 3155 484 3234 quod
515 3155 625 3215 videris
658 3172 775 3215 errasse
806 3149 882 3234 <in>
914 3155 1033 3215 iudicio.
1049 3169 1073 3212 1⁵

70 3251 156 3314 gentes
180 3247 407 3326 praeconiorum
430 3244 532 3305 titulos
559 3243 692 3304 moribus
715 3245 791 3303 meis
814 3243 957 3323 applicas,
981 3243 1033 3303 sed

70 3389 122 3462 ΝΤ,
144 3399 271 3454 defenset
289 3397 352 3453 Mo
362 3401 372 3465 l
385 3415 411 3453 v.
425 3403 460 3452 49
480 3395 569 3451 sensit
590 3396 636 3466 011
655 3402 670 3450 2
691 3397 842 3465 expectans
862 3396 889 3449 L
906 3397 915 3463 11
935 3401 950 3448 6
969 3394 1033 3449 vale

70 3477 84 3516 t.
95 3466 156 3524 ΕΜ
171 3473 181 3540 1
203 3474 237 3523 10
254 3468 370 3522 liberius
389 3469 482 3524 Mor
498 3475 532 3538 et,
547 3470 791 3540 pertimentes,
808 3463 1000 3533 differemus
1015 3467 1049 3516 L

70 3537 197 3594 litamen
213 3539 370 3595 maineriae
390 3540 483 3611 01115
503 3541 534 3597 in
554 3543 670 3613 addidi,
687 3560 743 3600 ortt.
761 3540 875 3606 coddll
