2414 3864
393 147 544 203 chunuti
561 149 621 205 XV.
949 152 1013 216 319

93 297 168 376 quod
194 299 313 377 sapiunt
335 316 464 376 veroque
487 299 585 359 valent
609 299 778 360 discernere
802 300 923 383 falsum,

92 389 192 464 quinta
217 394 367 448 creaturas
392 406 514 466 superas
539 387 702 449 substantia
725 389 844 470 prodat,

90 494 161 554 quas
186 476 305 554 quidam
329 476 430 536 dixere
455 477 540 557 deos,
564 479 632 556 quia
657 495 780 556 corpora
805 487 922 538 sumant

88 564 312 644 contemplanda
334 565 462 647 homini,
484 565 571 645 paulo
594 573 662 645 post
684 568 748 645 ipsa
771 565 940 646 relinquant

89 656 180 733 inque
205 672 288 714 suam
311 654 449 735 redeant,
473 657 499 714 si
522 673 579 734 qua
598 661 644 715 cst
661 657 848 736 tenuissima,
872 657 1010 739 formam,

87 743 233 823 sicheri,
257 751 289 802 ut
311 750 410 822 pateat
433 742 596 804 substantia
621 762 734 804 summa
758 752 886 826 creator,

86 838 169 892 sexta
192 838 291 891 tamen
316 850 464 911 supraque
488 832 576 914 nihil,
600 833 650 892 sed
676 840 780 894 cuncta
804 833 859 895 sub
883 837 956 913 ipso.

85 920 142 980 hoc
166 923 197 981 in
221 923 371 1000 gymnasio
395 921 507 981 Polemi
531 923 675 1000 sapientia
697 925 787 983 vitam

85 1008 194 1069 excolit
217 1010 442 1088 adiunctamque
467 1027 520 1070 suo
544 1011 622 1070 fovet
644 1013 709 1090 ipsa
732 1010 861 1093 Platoni3

81 1096 180 1158 obviet
203 1107 233 1159 et
256 1117 432 1178 quamquam
455 1101 525 1159 totis
549 1099 705 1159 Academia
729 1103 818 1160 sectis

84 1193 173 1265 atque
197 1195 285 1266 neget
307 1206 425 1267 verum,
448 1190 526 1247 veris
549 1188 628 1248 hunc
651 1187 787 1248 laudibus
812 1197 904 1250 ornat.

84 1275 183 1336 Stoica
206 1283 273 1355 post
296 1279 383 1358 istoS,
407 1277 458 1336 sed
482 1276 729 1337 concordantibus
753 1278 839 1357 ipsiS,

83 1364 267 1445 Chrysippus
290 1365 450 1444 Zenonque
475 1365 582 1425 docent
604 1373 760 1445 praecepta
784 1372 895 1426 tenere.

83 1453 198 1514 exclusi
219 1472 312 1534 prope
336 1457 394 1514 iam
418 1454 534 1534 Cynici,
557 1454 609 1514 sed
632 1453 734 1514 limine
757 1461 886 1536 restant3

84 1550 130 1602 ast
152 1542 315 1623 Epicureos
339 1543 473 1604 eliminat
495 1543 627 1622 undique
651 1545 753 1603 virtus,

126 1631 163 1692 At
184 1640 269 1711 parte
292 1651 329 1693 ex
353 1632 408 1692 alia
431 1635 561 1692 textrino
585 1634 681 1711 prima
704 1631 852 1692 Minervae

82 1719 158 1799 palla
182 1720 258 1781 Iovis
282 1721 397 1801 rutilat,
424 1723 509 1782 cuius
532 1721 578 1781 bis
603 1728 705 1781 coctus
729 1739 801 1781 aeno

83 1811 178 1869 serica
202 1809 343 1870 Sidonius
366 1809 484 1870 fucabat
506 1812 631 1870 stamina
654 1828 766 1870 murex.

83 1897 166 1958 ebria
189 1916 244 1958 neo
268 1898 363 1959 solum
387 1901 480 1977 spirat
502 1898 654 1977 conchylia
679 1899 797 1979 sandix,

87 1989 233 2047 inscrtum
256 2006 324 2047 nam
348 1986 446 2066 fulgur
469 1987 572 2067 habet,
595 1987 704 2066 filoque
728 1989 837 2066 rigenti

82 2074 205 2136 ardebat
228 2076 381 2154 gravidum
404 2076 440 2136 de
464 2077 607 2155 fragmine
631 2077 763 2137 fulminis
788 2085 909 2138 ostrum.

81 2164 131 2224 hic
155 2165 258 2225 viridis
281 2167 402 2244 proprio
427 2164 553 2226 Glaucus
577 2166 725 2245 pendebat
747 2168 871 2247 amictu,

80 2252 233 2314 undabant
251 2255 300 2314 hic
319 2260 380 2314 arte
404 2256 501 2335 sinus,
524 2255 652 2334 fictoque
676 2262 791 2315 tumore

80 2342 230 2402 mersabat
252 2343 364 2422 pandas
387 2350 549 2422 tempestas
571 2350 650 2404 texta
675 2345 798 2403 carinas

81 2430 336 2510 Amphitryoniadi
360 2431 500 2510 surgebat
522 2435 609 2492 tertia
632 2434 738 2492 vestis:

80 2519 221 2598 parvulus
244 2521 293 2581 hic
317 2523 434 2599 gemino
459 2524 573 2582 cinctus
597 2527 734 2599 serpente
758 2538 901 2580 novercae

78 2610 193 2669 inscius
216 2609 327 2670 arridet
349 2612 492 2670 monstris
515 2610 676 2688 ludumque
699 2609 828 2689 putando

78 2697 217 2778 insidias,
240 2699 310 2759 dum
333 2700 441 2779 nescit,
465 2706 543 2760 amat
564 2698 705 2777 vultuque
730 2697 856 2758 dolentis

80 2789 214 2865 extingui
236 2787 337 2867 deflet,
361 2805 435 2866 quos
458 2790 522 2867 ipse
546 2788 700 2868 interficit,
723 2804 841 2866 angues.

79 2882 234 2953 praeterea
257 2879 368 2956 sparsis
393 2884 461 2937 sunt
483 2877 556 2938 haec
580 2876 712 2937 subiecta
734 2877 850 2955 figuris:

79 2982 140 3045 sus,
163 2964 218 3045 leo,
242 2983 336 3046 cerva,
355 2964 473 3047 Gigans,
492 2973 604 3046 taurus,
622 2968 702 3046 iuga,
721 2964 878 3045 Cerberus,
901 2964 1002 3046 hydra,

77 3052 196 3133 hospeS,
210 3052 332 3135 NessuS,
350 3053 438 3136 Eryx,
457 3054 600 3134 volucres,
619 3053 724 3133 Thrax,
744 3053 846 3134 Cacus,
865 3054 1001 3134 Amazon,

79 3140 165 3222 CreS,
188 3141 308 3224 fluvius,
331 3142 415 3225 Libs,
438 3163 537 3224 poma,
560 3143 664 3222 Lycus,
688 3145 778 3222 virgo,
802 3142 896 3224 poluS,
920 3142 1000 3203 Oete.

78 3371 110 3421 19
131 3365 351 3437 adiunctumque
363 3368 426 3424 PF
437 3371 446 3438 ΙΙ
461 3373 511 3422 132
527 3366 640 3438 proprio
657 3367 725 3439 Leo]
745 3366 837 3438 patrio
849 3367 880 3435 T,
899 3368 1001 3435 patruo

76 3437 169 3506 glauco
179 3441 280 3508 patruo
293 3441 323 3494 F
336 3440 460 3510 (prasino
470 3440 604 3511 Purpold)
618 3443 627 3509 n
643 3445 691 3492 141
703 3437 785 3509 gigas
797 3439 840 3507 Ol
856 3443 905 3491 143
922 3438 999 3509 Cres]

76 3509 251 3578 Iacetp'ohonn
265 3517 270 3579 Ι
285 3511 325 3564 lix
343 3513 371 3566 P
381 3515 391 3583 ΙΙ
