2414 3864
138 137 205 192 VIII
535 135 750 192 PRAEFATIO.

140 305 209 348 narn
233 287 311 366 quod
335 305 379 367 ep.
397 287 419 368 1,
438 285 507 369 2,2
530 289 562 348 in
580 287 602 346 F
621 293 689 366 post
711 289 856 362 ampliata
880 284 1001 363 legitur:
1024 291 1053 348 si
1075 306 1151 350 casu

142 380 275 437 dentium
309 381 404 439 series
438 379 582 438 ordinata
611 379 816 453 praemineat,
852 378 973 436 niueum
1008 380 1151 452 protinus

140 472 352 541 repraesentat
380 469 447 542 ipsa
474 469 618 546 colorem,
647 466 705 524 iam
729 462 951 524 Gustasssonius
974 471 1071 524 totum
1093 465 1151 526 hoc

142 553 299 615 delendum
322 572 388 614 esse
412 561 492 614 recle
516 555 660 632 cognovit.
707 552 765 613 Sed
793 554 850 612 lrin
878 551 928 612 illa
951 553 1151 615 additamenta

140 643 213 703 haee
237 650 318 704 sunt:
343 640 645 723 1.ep.11,2,5p0st
668 644 907 703 imbricarentur
929 641 1059 702 additur:
1083 646 1152 720 ipsa

141 750 212 793 uero
231 734 410 793 convenient
397 734 476 792 tibus
490 732 665 804 (concinent
653 733 733 792 tibus
746 729 960 791 Wouwerenus
980 738 1009 791 et
1024 726 1149 814 Severo)

141 824 290 881 mensuris
322 823 517 881 enectissima
553 830 622 896 ερατ
622 823 724 881 iositt
725 822 913 894 etquadra
913 838 965 894 nr,
1002 820 1152 901 idemque,

143 909 195 968 sed
218 916 286 987 post
305 927 462 985 personas,
486 909 549 969 cod.
572 838 741 969 vaticanuse
747 906 876 986 Reginae
895 867 970 989 216',
992 908 1152 988 Philippici

144 993 230 1059 1685
244 1004 274 1057 et
288 993 373 1058 3671
394 996 501 1076 aliique
521 999 669 1078 inserunl5
692 995 721 1058 2.
737 1015 782 1076 ep.
796 995 844 1077 111,
859 993 889 1077 8,
905 995 921 1058 1
935 1005 1004 1073 post
992 1001 1151 1059 thistoria

143 1086 224 1146 add:
248 1089 329 1160 lilios
348 1090 385 1147 de
405 1089 579 1163 proditione
601 1090 780 1148 meditantes
803 1087 912 1147 Iunius
935 1087 1050 1148 Brutus
1073 1091 1151 1149 occi-

144 1178 202 1236 dit:
224 1178 280 1236 sed
294 1174 358 1251 fuit
371 1178 542 1254 parricidii
555 1179 687 1252 pretium
706 1179 888 1236 consulatus.
913 1177 1060 1237 Manilius
1076 1170 1151 1260 (sio)

147 1265 316 1340 Torquatus
334 1268 445 1339 silium,
468 1267 550 1340 quod
571 1268 686 1326 nostem
706 1270 922 1341 prouocantem
943 1283 1003 1326 non
1026 1283 1059 1326 se
1079 1284 1151 1341 per-

140 1357 278 1415 mittente
292 1361 500 1430 prouocusset,
523 1357 629 1416 securi
645 1356 762 1415 lictoris
781 1355 917 1414 addixit:
939 1357 995 1414 sed
1008 1371 1151 1430 pompam

142 1445 289 1519 triumphi
306 1460 365 1518 pro
384 1446 529 1517 ,mercede
552 1445 743 1503 crudelitatis
757 1444 951 1517 populariter
970 1446 1151 1518 impetrauit.

141 1533 197 1591 tili
219 1549 290 1592 uero
308 1548 391 1592 nunc
410 1549 430 1591 u
449 1533 591 1592 barbaris
610 1534 708 1592 odiosi
721 1528 845 1605 faceret
866 1530 1000 1591 Romani
1020 1534 1152 1593 nominis

141 1637 236 1681 amor.
279 1621 438 1694 postquam
457 1622 542 1693 lilius
563 1621 702 1680 sublatus
724 1625 769 1680 est
791 1621 922 1679 colludio
938 1618 1151 1701 factiosorum,

141 1710 275 1768 maluisti
291 1711 388 1782 mapis
406 1715 435 1768 te
454 1711 547 1769 ciuem
566 1711 735 1768 meminisse
752 1724 843 1782 quam
858 1715 990 1782 putrem.
1019 1726 1076 1769 nec
1096 1712 1155 1770 tibi

141 1796 246 1873 obfuit,
265 1799 338 1870 puin
357 1814 436 1857 esses
454 1798 532 1856 liber
549 1803 631 1857 statu
650 1797 775 1869 (statum
788 1788 925 1878 Wouw.),
943 1799 1026 1870 quod
1042 1804 1152 1873 captus

141 1901 213 1946 eras
237 1886 322 1956 (eras
345 1891 452 1961 captus
465 1878 592 1966 WouW.)
612 1886 735 1959 affectu,
754 1890 863 1945 contra
880 1893 999 1959 pentem
1017 1888 1151 1946 uicinam

141 1977 274 2035 ualidum
304 1976 424 2034 iratum.
470 1991 538 2034 cum
565 1975 692 2034 Ecdicio
721 1975 867 2046 (hecditio
896 1965 974 2056 Snv.)
998 1990 1066 2036 meo
1089 1993 1151 2036 non

141 2066 293 2123 audacter
315 2080 404 2123 arma
427 2065 544 2123 mouisti
564 2080 621 2124 nec
644 2059 758 2123 ueritus
781 2079 825 2141 es,
843 2078 882 2123 ne
895 2065 980 2136 filius
999 2069 1068 2123 tuus
1088 2067 1150 2123 ium

137 2168 235 2228 prope
258 2154 386 2226 iuuenis,
410 2153 513 2212 adhuc
531 2169 629 2228 prope
653 2154 773 2232 unicus,
793 2159 921 2227 propter
938 2154 1012 2212 uicti
1026 2151 1152 2227 fusique

141 2243 235 2301 nostis
266 2243 295 2301 si
324 2257 384 2301 non
415 2243 506 2313 iram,
536 2244 642 2301 saltem
664 2242 881 2301 uerecundiam
899 2243 1152 2316 periclitaretur;

141 2326 170 2389 3.
190 2347 235 2408 ep.
250 2327 313 2408 Vll,
331 2325 401 2408 5,2
428 2335 496 2406 posi
523 2332 669 2390 aduentus
692 2331 739 2390 tui
760 2327 838 2388 adds
866 2347 1006 2390 muneres
1029 2333 1151 2390 indultu

141 2425 171 2478 et
200 2421 280 2479 inter
309 2424 408 2479 tantos
438 2424 534 2478 motus
560 2419 696 2494 partium
723 2416 930 2492 factiosarum
959 2420 1150 2480 laborantem

140 2524 187 2567 me
211 2509 470 2582 fluctuantemque
500 2510 624 2568 consilio
654 2509 814 2579 confirmes
841 2504 968 2581 collepn'o
997 2505 1150 2583 informes.

141 2594 178 2654 Et
202 2594 238 2656 de
262 2594 392 2656 secundo
417 2593 536 2673 quidem
559 2594 624 2656 loco
642 2594 702 2654 Leo
725 2596 757 2654 in
774 2595 865 2673 praei.
884 2614 913 2674 p.
931 2594 1008 2655 XXV
1026 2614 1091 2656 rem
1108 2598 1151 2656 ila

139 2686 296 2764 transegit,
323 2691 356 2744 ut
383 2683 512 2745 dubitari
541 2686 599 2743 iarn
626 2690 766 2763 nequent,
794 2684 866 2762 quin
894 2685 1002 2762 inepte,
1017 2687 1150 2763 interpo-

141 2771 217 2832 latus
246 2774 297 2852 sit3
328 2772 379 2832 sed
406 2775 516 2853 primo,
544 2779 613 2851 post
640 2775 879 2834 imbricarentur
906 2780 1018 2853 tamen,
1047 2791 1149 2834 carere

140 2878 195 2920 nos
218 2879 305 2939 posse
329 2879 418 2941 nego,
442 2863 510 2939 quia
534 2879 568 2921 eo
593 2863 702 2921 omisso
722 2860 868 2940 quomodo
887 2864 1052 2922 sententiae
1070 2864 1151 2922 inter

142 2967 174 3009 se
198 2950 374 3010 cohaereant
396 2968 456 3010 non
479 2950 577 3030 video,
608 2957 694 3028 alque
719 2952 807 3010 eliam
830 2952 952 3010 tertium
976 2952 1040 3011 sine
1064 2950 1150 3011 dubi·

140 3040 252 3098 tatione
275 3040 306 3098 in
330 3045 499 3100 contentum
521 3039 679 3100 verborum
702 3041 893 3120 recepissem,
920 3041 946 3099 si
973 3038 1061 3099 modo
1088 3038 1150 3100 ullo

141 3209 252 3277 alleles,
271 3225 334 3264 eum
347 3208 497 3289 pleraeque
510 3209 615 3264 nulline
607 3209 714 3292 ‚prelii
729 3209 794 3279 sini,
814 3209 860 3265 hic
875 3225 1038 3264 enumerare
1053 3225 1149 3290 euper-

141 3282 225 3336 eedeo
248 3296 338 3349 neque
360 3278 451 3348 magis
475 3280 664 3336 neceesarium
688 3280 781 3335 visum
804 3283 848 3336 esi
870 3279 977 3334 varium
999 3279 1151 3334 lectionem

140 3354 281 3407 extremae
305 3350 442 3421 epistulae
460 3350 479 3407 l
494 3351 578 3406 Π1
569 3370 600 3406 ιιι
617 3351 716 3407 Fannii
738 3354 768 3407 ei
785 3351 892 3406 Ruricii
916 3351 1047 3406 codiee
1030 3363 1087 3406 nun
1109 3351 1149 3404 al-

135 3422 211 3547 }Jenbei
232 3441 256 3547 ἲ.
270 3423 308 3476 IX
332 3424 459 3477 servulae
485 3427 612 3494 enotare,
639 3423 743 3494 quippe
767 3440 839 3493 quae
865 3422 938 3477 nihil
965 3369 1149 3476 memoraffiile

157 3512 176 3546 a
197 3511 250 3549 ea.
