2414 3864
156 132 222 198 254
560 130 713 188 CARHEN
730 134 765 190 ΙΙ.

245 285 370 343 suscitet
392 281 589 364 Oenomaum,
612 290 697 344 natae
721 301 811 362 quem
834 283 940 345 fraude
963 279 1111 346 cadenteil
1201 252 1203 256 Α

245 391 331 432 00000
355 371 490 432 destituit
512 370 652 432 resolutis
676 371 781 433 axibus
806 371 897 454 ohex;

242 460 385 539 procedat
407 459 525 521 Colchis
547 463 631 540 prius
655 463 754 541 agnita
776 463 859 540 virgo
883 463 990 522 marito

243 552 367 610 erimine
392 568 480 629 quam
504 567 592 632 sexu3
617 557 731 630 spectet
755 550 791 611 de
815 568 937 612 carcere
961 553 1032 612 circi

172 650 225 700 405
244 638 388 719 pallentes
411 638 545 700 Atalanta
567 656 676 718 procos
699 646 729 699 00
751 657 840 718 poma
863 639 967 700 decori

242 728 436 808 Hippomenis
459 729 518 788 iam
540 745 602 788 non
625 746 679 807 pro
704 727 766 788 solo
790 728 909 807 coHigat
933 747 1019 810 auro;

242 816 392 897 Deianira,
415 823 482 878 tuas
505 815 651 878 Achelous
675 816 819 895 gymnade
842 819 964 896 pinguis

241 905 370 968 illustret
393 906 494 966 taedas
518 912 548 966 et
571 905 606 966 ah
630 904 758 967 Hercule
781 923 905 984 pressus
929 905 1034 968 anhelo

241 994 383 1055 lassatum
406 994 502 1055 foveat
524 996 596 1054 rivis
619 993 761 1055 rivalibus
784 994 915 1056 hostem·

171 1095 222 1144 500
241 1085 428 1162 quantumvis
452 1089 586 1162 repetam
608 1085 717 1144 veteris
741 1083 868 1144 conubia
891 1083 995 1165 saecli,

240 1172 455 1233 transcendunt
476 1172 525 1233 hic
548 1173 670 1254 heroas,
693 1172 832 1233 heroidas
855 1171 913 1233 illa.

241 1262 296 1322 hos
319 1260 477 1342 thalamos,
500 1260 644 1342 Ricimer,
661 1219 767 1322 Virtus
790 1261 846 1322 tihi
868 1260 1007 1342 pronuba
1028 1241 1175 1342 po&ilt

242 1358 329 1430 atque
353 1350 512 1411 Dionaeam
534 1349 585 1410 dat
607 1349 691 1411 Mart
670 1357 710 1411 tra
734 1350 834 1412 laurea
856 1358 997 1431 myrtum

241 1457 311 1517 ergo
335 1457 402 1520 age,
424 1438 508 1499 trade
530 1441 628 1500 virum
651 1458 711 1500 non
735 1441 795 1500 otia
816 1441 901 1519 pigra
925 1440 1116 1501 torenton»

171 1539 222 1588 505
243 1527 418 1607 deliciisque
441 1545 574 1610 gravem,
598 1528 651 1589 sed
674 1547 763 1608 quem
785 1529 874 1589 modo
897 1509 1170 1592 0000100011Πῑ

242 1625 342 1678 aestus
365 1616 557 1695 Abydenique
582 1618 666 1677 sinus
689 1623 720 1678 et
743 1617 855 1678 Sestias
879 1635 931 1678 ora

239 1704 486 1784 Hellespontiacis
511 1705 747 1766 circumclamata
769 1705 923 1787 procellis3

240 1813 312 1873 quas
335 1794 432 1873 pelagi
455 1794 555 1854 fauces
579 1813 639 1855 non
663 1797 705 1855 sic
728 1798 860 1855 tenuisse
884 1794 932 1855 vel
955 1795 1040 1856 illum

240 1882 432 1963 crediderim,
455 1885 504 1943 eui
527 1889 632 1962 ruptus
655 1883 760 1964 Athos,
783 1885 833 1944 cui
855 1885 970 1963 remige
992 1884 1095 1947 Medo·

169 1983 221 2033 510
240 1971 357 2050 turgida
381 1970 519 2031 silvosam
543 1972 702 2033 currebant
724 1970 788 2032 vela
810 1990 865 2051 000
887 1971 1007 2054 Α10010;
1148 1972 1151 1978 ’

239 2078 294 2120 nec
317 2059 487 2121 Lucullanis
512 2063 555 2120 sic
573 2061 646 2121 haec
670 2061 746 2121 freta
769 2063 865 2121 cincta
889 2063 1016 2142 carinis,

240 2152 339 2228 segnis
363 2149 398 2210 ad
422 2151 570 2227 insignem
595 2149 672 2210 sedit
695 2167 762 2210 cum
786 2149 912 2229 Cyzicon
935 2150 1047 2233 hostis,

240 2241 292 2318 qui
315 2245 438 2317 cogente
462 2238 539 2298 fame
563 2245 686 2318 cognata
709 2238 850 2299 cadavera
872 2239 1021 2300 mandens

237 2329 311 2387 vixit
332 2335 428 2388 morte
452 2345 513 2387 sua.
560 2327 612 2388 sed
637 2327 707 2407 quid
731 2345 798 2388 mea
820 2334 886 2388 vota
909 2325 1054 2389 retardo?

165 2427 216 2476 515
236 2416 319 2476 trade
342 2410 456 2495 magis?
503 2422 566 2476 tum
589 2435 683 2495 pauca
707 2418 800 2477 refert
822 2416 962 2477 'lithonia
985 2417 1155 2479 conium·

237 2500 305 2565 ‘duc
320 2523 382 2586 age,
397 2511 498 2565 saneta
511 2524 628 2585 parens,
648 2524 826 2585 quamquam
839 2505 914 2566 mihi
928 2509 1076 2567 maximus
1112 2504 1173 2550 llll

235 2595 338 2653 invicti
362 2595 529 2672 summique
553 2593 652 2674 duciS,
676 2594 747 2655 dum
769 2596 870 2654 mitior
894 2601 979 2655 entes

236 2688 265 2741 et
287 2700 347 2741 non
370 2682 534 2742 disiunctas
556 2682 664 2744 melius
687 2682 878 2743 moderemur
901 2682 1042 2745 hahenas.

234 2789 303 2831 nam
327 2772 353 2830 si
375 2771 451 2831 forte
474 2770 572 2849 placet
593 2778 728 2832 veterum
751 2773 923 2832 meminisse
947 2771 1103 2848 laborum,

165 2869 216 2920 520
235 2868 266 2919 et
289 2861 341 2938 qui
362 2878 417 2938 pro
440 2862 537 2939 patria
559 2863 651 2921 vestri
674 2868 819 2940 pugnaret
806 2860 911 2944 tluli,

234 2955 267 3008 ut
290 2947 332 3008 nil
355 2947 423 3028 plus
446 2948 556 3030 dicam,
579 2951 662 3028 prior
684 2949 754 3010 hinc
778 2968 832 3029 ego
855 2949 1014 3012 Memnona
1035 2930 1125 3010 misi-⁹

277 3036 443 3118 Finierant3
467 3040 600 3117 geminas
618 3040 716 3099 iunxit
737 3037 903 3100 Concordia
925 3058 981 3119 par
981 3047 1040 3121 ets,

234 3124 327 3185 electo
350 3126 469 3187 tandem
491 3128 568 3206 potit
568 3145 605 3187 ur
628 3126 707 3206 quod
729 3129 865 3208 principe
888 3126 992 3190 Roma.

235 3231 314 3274 nunc
338 3214 452 3294 aliquos
476 3222 544 3275 voto
569 3216 660 3276 simili
682 3216 729 3277 vel
752 3234 865 3298 amore,
888 3223 1034 3298 vetustas,

214 3426 265 3475 500
286 3418 390 3474 veteris
404 3422 530 3490 repetam
545 3422 596 3492 Fu
610 3426 660 3476 501
681 3421 813 3478 heroidas
827 3423 920 3495 culpo,
937 3421 1060 3478 heroides
1069 3404 1122 3471 codd
1179 3433 1203 3497 y,

133 3491 150 3565 0
164 3495 218 3550 606
237 3493 331 3550 aestus
351 3492 416 3566 PT,
435 3494 516 3549 ustus
539 3493 592 3565 Hit
1201 3500 1203 3506 ’
