2392 3854
132 160 196 225 148
450 114 453 119 ’
479 157 589 212 nmen
607 155 793 213 summus.

132 308 275 371 intellecti
298 307 396 369 dentis
419 307 546 368 arrodat.
592 305 622 369 3.
645 324 773 386 namque
795 305 891 366 bostis
914 307 1066 386 antiquus,
1091 323 1150 384 quo

131 397 247 459 facilius
270 396 393 458 insultet
410 394 557 457 balatibus
576 397 675 457 ovium
693 395 912 475 destitutarum,
934 394 1151 455 dormitantum

132 489 216 566 prius
245 488 350 566 incipit
378 484 544 546 cervicibus
571 486 730 545 imminere
759 490 921 563 pastorum.
968 501 1068 563 neque
1097 501 1151 562 ego

132 579 174 637 ita
196 577 257 635 mei
279 576 446 635 meminens
468 591 529 635 non
552 592 627 655 sum,
650 579 685 635 ut
707 591 894 652 nequaquam
912 591 961 633 me
979 572 1061 634 hunc
1085 590 1151 633 esse

105 684 118 724 5
133 665 317 744 reminiscar,
341 680 430 742 quem
448 661 543 741 longis
560 663 657 724 adhuc
670 661 816 724 abluenda
830 661 952 723 fletibus
967 663 1152 723 conscientia

132 760 261 833 premat3
289 754 374 813 cuius
398 758 530 812 stercora
552 759 653 813 tamen
676 751 731 812 sub
755 769 811 830 ope
835 749 949 812 Christi
972 750 1151 830 quandoque

133 843 267 921 mysticis
299 842 468 901 orationum
498 847 619 902 tuarum
657 842 763 902 rastris
796 838 1045 901 eruderabuntur.
1102 838 1153 900 sed

134 931 274 1010 quoniam
299 930 502 1008 supereminet
528 932 636 1009 privati
665 936 767 991 reatus
794 928 1007 990 verecundiam
1033 927 1154 1009 publica

135 1018 224 1100 salus,
247 1036 307 1079 non
329 1018 463 1099 verebor,
487 1021 543 1079 etsi
566 1025 668 1098 carpat
690 1017 788 1101 zelum
810 1020 843 1078 in
865 1036 913 1078 me
936 1017 1009 1079 fidei
1032 1019 1154 1079 sinister

67 1129 121 1177 ,ro
134 1109 297 1202 interpres,
328 1107 384 1168 sub
407 1109 545 1168 vanitatis
573 1108 684 1168 invidia
707 1124 826 1168 cansam
852 1106 981 1186 prodere
1009 1109 1153 1168 veritatis.

135 1195 165 1258 4.
188 1195 299 1271 Euarix
326 1214 379 1257 rex
407 1195 571 1258 Gothorum
603 1197 682 1277 quod
714 1195 840 1256 limitem
872 1197 959 1274 regni
989 1198 1039 1256 sui
1068 1203 1154 1276 rupto

137 1284 342 1365 dissolutoque
365 1285 486 1346 foedere
510 1287 632 1365 antiquo
655 1284 702 1346 vel
719 1292 833 1347 tutatur
852 1301 1005 1345 armorum
1023 1287 1092 1346 iure
1109 1283 1157 1345 vel

137 1381 305 1456 promovet,
333 1393 389 1435 nec
412 1374 499 1434 nobis
522 1373 729 1454 peccatoribus
750 1373 801 1435 hic
823 1391 964 1435 accusare
992 1391 1050 1434 neo
1073 1373 1156 1436 vobis

139 1465 250 1523 sanctis
273 1463 323 1524 hic
347 1463 495 1524 discutere
519 1465 698 1542 permissum
721 1469 776 1523 est.
822 1464 894 1542 quin
916 1463 1031 1544 potius,
1061 1465 1089 1523 si
1111 1479 1156 1522 re-

98 1571 126 1613 rs
141 1553 252 1632 quiras,
275 1552 389 1612 ordinis
412 1569 461 1611 res
485 1559 539 1633 est,
566 1558 652 1613 utet
675 1551 756 1612 dives
778 1551 829 1613 hic
851 1569 984 1630 purpura
1007 1550 1156 1630 byssoque

140 1639 256 1700 veletur
283 1647 313 1701 et
335 1640 463 1701 Lazarus
490 1640 539 1701 hic
571 1639 722 1702 ulceribus
755 1647 785 1701 et
816 1645 990 1720 paupertate
1017 1639 1155 1719 feriatum

28 1780 38 1797 ,
142 1729 257 1789 ordinis
275 1747 325 1789 ros
344 1735 398 1809 est,
419 1734 462 1810 ut,
480 1729 551 1790 dum
564 1732 596 1789 in
610 1727 664 1790 hac
678 1728 835 1808 allegorica
847 1746 1003 1789 versamur
1015 1728 1156 1809 Aegypto,

142 1817 256 1877 Pharao
288 1817 407 1877 incedat
439 1835 508 1878 cum
540 1817 718 1900 diademate,
750 1817 883 1880 Israelita
915 1835 983 1878 cum
1016 1817 1155 1898 cophino;

143 1905 257 1964 ordinis
276 1923 325 1964 res
345 1912 400 1985 est,
422 1911 464 1986 ut,
488 1906 558 1966 dum
576 1909 608 1967 in
626 1906 681 1967 bac
699 1908 842 1986 tignratae
860 1905 1019 1986 Rabylonis
1038 1907 1156 1967 fornace

102 2015 128 2054 ao
142 1994 346 2074 decoquimur,
371 2011 425 2054 nos
449 2012 516 2055 cum
539 1994 689 2056 Hieremia
712 1995 876 2075 spiritalem
897 1994 1087 2058 Hierusalem
1110 2013 1155 2056 su·

142 2084 278 2161 spiriosis
301 2082 475 2163 plangamus
499 2083 660 2145 ululatibus
683 2092 713 2144 et
731 2085 824 2145 Assur
846 2085 925 2145 fastu
946 2087 1030 2163 regio
1050 2093 1153 2146 tonans

142 2178 314 2232 sanctorum
346 2178 447 2232 sancta
478 2172 639 2251 proculcet.
686 2169 715 2234 5.
740 2173 849 2253 quibus
882 2190 937 2252 ego
964 2181 1155 2253 praesentum

142 2262 369 2340 futurarumque
391 2260 609 2323 beatitudinum
631 2262 888 2323 vicissitudinibus
911 2263 1056 2341 inspectis
1080 2279 1154 2324 com·

142 2352 244 2410 munia
276 2352 437 2429 patientius
468 2351 655 2411 incommoda
682 2351 762 2432 lero,
794 2353 939 2432 primum,
971 2351 1051 2431 quod
1084 2350 1153 2412 mibi

104 2457 220 2517 atquae
244 2457 361 2500 merear
384 2441 615 2521 introspicienti,
643 2457 845 2518 quaecumque
869 2439 992 2500 adversa
1014 2456 1153 2520 provenc-

82 2532 84 2537 '
145 2530 215 2608 rint,
244 2528 354 2589 leviora
377 2528 607 2608 reputabuntur3
635 2528 713 2610 dein,
741 2528 819 2607 quod
843 2535 959 2589 certum
983 2530 1046 2589 scio
1068 2528 1154 2590 maxi·

144 2634 227 2676 mum
254 2636 321 2678 esso
348 2617 513 2678 remedium
540 2619 692 2678 interioris
719 2618 861 2698 hominis,
894 2619 920 2677 si
948 2619 980 2678 in
1007 2616 1064 2678 hac
1091 2632 1163 2678 area.

146 2706 252 2766 mundi
269 2709 359 2766 variis
378 2708 550 2785 passionum
564 2705 687 2784 flagellis
701 2708 859 2767 trituretur
873 2708 1012 2766 exterior.
1050 2704 1079 2769 6.
1099 2702 1175 2782 sed,

146 2794 225 2872 quod
244 2795 395 2855 fatendum
414 2803 468 2876 est,
490 2796 655 2875 praefatum
672 2812 775 2874 regem
789 2794 963 2877 Gothorum,
982 2808 1180 2875 quamquain

106 2904 133 2942 ao
148 2884 187 2941 sit
210 2882 247 2942 ob
272 2885 380 2944 virium
403 2887 510 2944 merita
532 2882 691 2964 terribilis,
718 2903 778 2944 non
801 2891 861 2944 tam
884 2882 1026 2945 Romanis
1050 2882 1186 2945 moeni-

146 2970 203 3029 bus
228 2989 316 3049 quam
340 2971 455 3052 legibus
478 2971 654 3034 Christianis
682 2972 891 3034 insidiaturum
918 2991 1052 3052 pavesco.
1096 2979 1188 3032 urn-

147 3066 224 3138 tum,
252 3066 285 3119 ut
307 3060 422 3143 ferunt,
450 3063 508 3142 ori,
535 3068 651 3121 tantum
673 3065 788 3140 pectori
811 3079 864 3122 suo
888 3061 1028 3123 catholici
1050 3060 1185 3122 mentio

63 3191 65 3195 a
148 3150 278 3208 nominis
302 3158 375 3231 acet,
397 3157 431 3210 ut
454 3149 599 3230 ambigas,
622 3150 786 3228 ampliusne
811 3169 881 3211 suae
905 3153 1002 3231 gentis
1026 3169 1063 3212 an
1089 3159 1183 3210 suae

149 3244 246 3297 sectae
278 3243 378 3299 teneat
408 3241 616 3317 principatum.
671 3239 708 3300 ad
743 3239 800 3300 boc
832 3242 923 3300 armis
955 3247 1061 3320 potens
1091 3246 1181 3299 acer

109 3346 136 3387 as
150 3328 257 3387 animis
290 3325 385 3386 alacer
417 3330 501 3388 annis
533 3328 612 3388 hunc
643 3328 739 3390 solnm
766 3330 878 3407 patitur
906 3347 1051 3410 errorem,
1083 3314 1179 3405 quod

215 3521 234 3570 2
248 3515 332 3587 prius
351 3516 559 3574 dormitantum
577 3518 601 3576 0
610 3520 623 3590 h
