2414 3864
136 128 199 192 116
495 126 604 180 LIBER
622 127 788 195 QUINTUS.

133 278 189 339 tibi
221 276 386 337 devinctior
416 277 533 359 fierem,
565 278 706 358 iudicavi3
739 285 785 338 est
814 279 896 337 enim
926 277 1120 339 consuetudini
1166 304 1177 327 .-

134 385 231 447 meae,
263 373 297 426 ut
320 365 426 444 eligam
450 374 531 447 ante,
563 373 631 444 post
654 366 783 445 diligam.
830 361 1011 448 ‘quaenam’,
1042 368 1177 446 inquiffi

134 451 178 515 ‘in
210 473 258 515 me
290 454 346 514 tibi
377 454 528 534 probanda
560 451 731 534 placuere?
777 453 807 516 2.
831 455 928 514 dicam
962 455 1084 517 libenter
1108 465 1177 514 e·

134 544 274 625 breviter,
302 562 429 623 quorum
457 562 550 604 unum
578 545 644 603 fieri
673 546 779 625 gratia,
807 543 934 604 alterum
958 545 1058 606 charta
1078 561 1177 604 corr

107 633 226 713 apellit.
271 651 399 693 veneror
421 635 453 693 in
477 631 642 693 actionibus
666 635 739 712 tuis,
768 633 847 711 quod
870 632 964 693 multa
987 633 1064 694 bono
1084 633 1137 692 cui
1150 653 1177 665 ‘

134 742 191 802 que
210 721 366 782 imitabilia
389 723 478 799 geris.
525 720 597 781 colis
621 728 654 781 ut
682 724 733 800 qui
762 721 984 803 sollertissime,
1013 723 1176 782 aedificaS

133 819 166 873 ut
190 814 241 890 qui
264 812 504 892 dispositissime,
530 812 648 870 venaris
672 812 780 888 utqui
804 810 1025 893 efficacissime,
1052 810 1171 890 pasciS

133 908 167 962 ut
190 902 243 979 qui
266 901 464 981 exactissime,
491 901 598 959 iocaris
622 906 656 959 ut
679 902 731 978 qui
754 900 949 980 facetissime,
980 901 1087 961 iudicas
1104 896 1164 956 ut

134 992 186 1068 qui
205 990 393 1069 aequissime,
416 989 523 1049 suades
542 990 646 1066 utqui
668 989 879 1069 sincerissime,
903 991 1092 1049 commoveris
1107 986 1161 1045 nt

94 1096 120 1134 ro
135 1080 187 1156 qui
209 1076 388 1156 tardissime,
410 1076 537 1156 placaris
560 1079 668 1155 utqui
692 1076 856 1157 celerrime,
882 1076 1020 1138 redamas
1043 1084 1074 1138 ut
1092 1070 1148 1154 qui

134 1166 314 1227 fidelissime.
361 1163 390 1226 3.
413 1166 486 1226 haec
514 1168 612 1226 omnia
640 1165 774 1244 exempla
796 1167 915 1227 vivendi
938 1169 998 1226 iam
1021 1168 1086 1227 bino
1104 1161 1147 1223 al)

134 1258 219 1316 annis
251 1254 414 1334 puberibus
450 1274 535 1316 meus
567 1253 745 1334 Apollinaris
778 1257 804 1314 si
838 1257 988 1336 sequitur,
1025 1254 1142 1335 gaudeo;

134 1353 214 1406 certe
238 1353 272 1405 ut
295 1352 446 1425 sequatur,
469 1345 621 1404 admoneo.
663 1347 694 1403 in
718 1362 776 1422 quo
801 1343 933 1405 docendo
953 1341 1144 1406 instituendo‘

135 1453 202 1514 que,
224 1434 312 1493 modo
337 1432 392 1493 sub
417 1451 471 1511 ope
493 1433 605 1493 Christi
628 1432 772 1511 disposita
797 1432 967 1514 succedant,
990 1434 1142 1513 plurimum

95 1537 121 1578 15
136 1522 229 1583 laetor
252 1524 411 1582 maximam
434 1540 481 1582 me
505 1521 663 1582 formulam
686 1524 762 1582 vitae
787 1522 823 1582 de
847 1522 982 1583 moribus
1005 1525 1064 1583 tuis
1085 1537 1140 1581 mu-

135 1619 296 1672 tuaturum.
340 1610 411 1670 vale.

607 1818 679 1884 XII.

320 1940 486 1996 SIDONIUS
505 1941 681 1997 CALMINIO
701 1940 770 1996 SUO
790 1939 969 1997 SALUTEM.

208 2053 235 2116 1.
260 2055 342 2127 Quod
364 2057 460 2115 rarius
480 2056 516 2115 ad
535 2073 587 2115 vos
606 2074 621 2115 a
640 2055 727 2115 nobis
745 2057 852 2134 pagina
867 2062 954 2135 meat,
973 2073 1034 2115 non
1052 2060 1140 2115 nostra

139 2144 278 2224 superbia
311 2145 363 2204 sed
395 2143 490 2204 aliena
522 2146 696 2222 impotentia
726 2144 803 2204 facit.
853 2161 951 2222 neque
985 2163 1076 2224 super
1103 2143 1140 2202 bis

96 2250 123 2290 ao
139 2236 298 2314 quic-quam
321 2232 438 2312 planius
462 2251 597 2314 quaeras,
624 2235 734 2312 quippe
758 2251 826 2293 cum
850 2232 962 2293 silentii
989 2233 1080 2294 huius
1100 2249 1141 2293 ne-

137 2326 306 2384 cessitatem
331 2341 385 2402 par
409 2322 485 2400 apud
509 2340 562 2382 vos
586 2329 682 2381 metus
706 2323 928 2401 interpretetur.
975 2322 1033 2383 hoc
1057 2323 1142 2383 solun

135 2420 236 2473 tamen
268 2411 362 2472 libere
395 2429 494 2491 gemo,
527 2410 605 2489 quod
632 2409 751 2471 turbine
784 2410 995 2472 dissidentium
1025 2415 1143 2492 partium

137 2519 276 2580 segreges
314 2501 384 2560 facti
420 2507 523 2560 mutuo
555 2501 678 2560 minime
711 2500 838 2560 fruimur
870 2506 1002 2578 aspectu.
1058 2515 1144 2580 neque

137 2608 278 2668 umquam
301 2592 414 2668 patriae
443 2588 579 2649 sollicitis
603 2589 720 2648 offerris
749 2588 914 2670 obtutibus,
945 2591 1006 2649 nisi
1030 2590 1146 2651 forsitan

96 2693 123 2734 aa
138 2697 205 2738 cum
220 2680 256 2739 ad
271 2678 428 2739 arbitrium
447 2679 572 2737 terroris
592 2677 681 2737 alieni
699 2696 750 2737 vos
769 2677 888 2757 loricae,
910 2694 967 2737 nos
986 2695 1146 2759 propugna-

138 2767 203 2827 cula
226 2773 338 2846 tegunt.
384 2767 436 2826 ubi
464 2769 528 2845 ipse
557 2768 588 2825 in
615 2766 672 2827 hoc
701 2766 796 2827 solum
824 2768 958 2845 captivus
989 2767 1147 2843 adduceris,

137 2863 172 2915 ut
193 2856 348 2934 pharetras
372 2857 486 2934 sagittis
510 2873 645 2936 vacuare,
671 2854 801 2916 lacrimis
825 2855 926 2916 oeulos
955 2856 1083 2936 implere
1106 2873 1146 2917 co·

138 2946 227 3025 garis,
249 2944 336 3005 nobis
360 2963 478 3024 quoque
497 2962 556 3003 non
575 2944 792 3025 recusantibus,
815 2944 894 3024 quod
912 2951 963 3004 tua
984 2947 1058 3006 satis
1077 2941 1147 3007 aliud

138 3031 301 3097 moliuntur
323 3041 391 3094 vota
419 3052 507 3113 quam
535 3031 637 3093 iacula.
684 3032 713 3094 2.
738 3033 789 3094 sed
818 3035 887 3112 quia
917 3034 1072 3095 interdum
1099 3033 1146 3096 etsi

98 3138 125 3178 oo
138 3139 199 3181 non
221 3140 276 3199 per
298 3121 452 3182 foederum
474 3123 639 3203 veritatem,
667 3121 765 3182 saltim
792 3141 846 3201 per
873 3121 1061 3183 indutiarum
1083 3126 1146 3183 ima·

139 3213 238 3289 ginem
262 3210 405 3289 quaedam
429 3212 493 3290 spei
516 3217 635 3270 nostrae
659 3209 804 3272 libertatis
824 3211 955 3271 fenestra
974 3212 1146 3291 resplendet,

139 3302 273 3378 impense
288 3298 397 3381 flagito,
419 3302 465 3360 uti
483 3317 547 3379 nos,
572 3317 639 3359 cum
657 3302 784 3360 maxime
803 3306 897 3380 potes,
921 3299 1012 3361 affatu
1029 3303 1145 3381 paginae

209 3494 227 3542 2
245 3490 275 3544 et
293 3504 433 3558 quaenam
453 3490 479 3545 Τ
490 3491 501 3560 ll
514 3495 548 3545 22
567 3491 666 3544 tamen
682 3505 734 3545 om.
755 3489 779 3544 Τ
789 3493 846 3559 ll‘iil
865 3490 934 3543 rota
953 3505 1004 3546 om.
1026 3489 1070 3558 Ol
