<?xml version="1.0" encoding="UTF-8"?>
<!DOCTYPE html PUBLIC "-//W3C//DTD XHTML 1.0 Transitional//EN"
    "http://www.w3.org/TR/xhtml1/DTD/xhtml1-transitional.dtd">
<html xmlns="http://www.w3.org/1999/xhtml" xml:lang="en" lang="en">
 <head>
  <title>
</title>
<meta http-equiv="Content-Type" content="text/html;charset=utf-8" />
  <meta name='ocr-system' content='tesseract 3.04.00' />
  <meta name='ocr-capabilities' content='ocr_page ocr_carea ocr_par ocr_line ocrx_word'/>
</head>
<body>
  <div class='ocr_page' id='page_1' title='image "./csolliusapollin00apolgoog_0019.png"; bbox 0 0 2414 3864; ppageno 0'>
   <div class='ocr_carea' id='block_1_1' title="bbox 97 107 710 205">
    <p class='ocr_par' dir='ltr' id='par_1_1' title="bbox 97 107 710 205">
     <span class='ocr_line' id='line_1_1' title="bbox 97 107 710 205; baseline -0.005 0"><span class='ocrx_word' id='word_1_1' title='bbox 97 150 162 205; x_wconf 79' lang='grc'>313</span> <span class='ocrx_word' id='word_1_2' title='bbox 494 107 710 205; x_wconf 77' lang='grc'><strong>33333333.</strong></span> 
     </span>
    </p>
   </div>
   <div class='ocr_carea' id='block_1_2' title="bbox 87 295 1110 3577">
    <p class='ocr_par' dir='ltr' id='par_1_2' title="bbox 87 295 1110 3577">
     <span class='ocr_line' id='line_1_2' title="bbox 96 295 1109 380; baseline 0.002 -22"><span class='ocrx_word' id='word_1_3' title='bbox 96 298 233 379; x_wconf 76' lang='grc'><strong>133131,</strong></span> <span class='ocrx_word' id='word_1_4' title='bbox 257 295 327 361; x_wconf 84' lang='lat'>139.</span> <span class='ocrx_word' id='word_1_5' title='bbox 353 333 394 341; x_wconf 88' lang='lat'>—</span> <span class='ocrx_word' id='word_1_6' title='bbox 417 295 499 359; x_wconf 73' lang='grc'><strong>1136</strong></span> <span class='ocrx_word' id='word_1_7' title='bbox 522 298 645 377; x_wconf 88' lang='lat' dir='ltr'>haesito,</span> <span class='ocrx_word' id='word_1_8' title='bbox 669 298 740 376; x_wconf 91' lang='lat' dir='ltr'>quid</span> <span class='ocrx_word' id='word_1_9' title='bbox 765 297 868 358; x_wconf 89' lang='lat' dir='ltr'>lacuna</span> <span class='ocrx_word' id='word_1_10' title='bbox 891 298 950 380; x_wconf 90' lang='lat' dir='ltr'>illa,</span> <span class='ocrx_word' id='word_1_11' title='bbox 978 318 1054 377; x_wconf 88' lang='lat' dir='ltr'>quae</span> <span class='ocrx_word' id='word_1_12' title='bbox 1078 303 1109 360; x_wconf 93' lang='lat' dir='ltr'>in</span> 
     </span>
     <span class='ocr_line' id='line_1_3' title="bbox 97 385 1108 468; baseline 0.004 -22"><span class='ocrx_word' id='word_1_13' title='bbox 97 387 120 446; x_wconf 92' lang='lat' dir='ltr'>L</span> <span class='ocrx_word' id='word_1_14' title='bbox 143 396 210 467; x_wconf 91' lang='lat' dir='ltr'>post</span> <span class='ocrx_word' id='word_1_15' title='bbox 237 406 320 448; x_wconf 81' lang='lat' dir='ltr'>meus</span> <span class='ocrx_word' id='word_1_16' title='bbox 343 394 436 468; x_wconf 82' lang='lat' dir='ltr'>extat,</span> <span class='ocrx_word' id='word_1_17' title='bbox 464 388 575 448; x_wconf 90' lang='lat' dir='ltr'>laciam.</span> <span class='ocrx_word' id='word_1_18' title='bbox 622 385 697 446; x_wconf 88' lang='lat' dir='ltr'>Nam</span> <span class='ocrx_word' id='word_1_19' title='bbox 720 387 798 466; x_wconf 91' lang='lat' dir='ltr'>quod</span> <span class='ocrx_word' id='word_1_20' title='bbox 822 389 853 447; x_wconf 95' lang='grc'>13</span> <span class='ocrx_word' id='word_1_21' title='bbox 877 387 903 446; x_wconf 93' lang='lat' dir='ltr'><strong>N</strong></span> <span class='ocrx_word' id='word_1_22' title='bbox 925 389 1010 448; x_wconf 90' lang='lat' dir='ltr'>initio</span> <span class='ocrx_word' id='word_1_23' title='bbox 1039 408 1108 450; x_wconf 85' lang='grc'><strong>333-</strong></span> 
     </span>
     <span class='ocr_line' id='line_1_4' title="bbox 98 475 1110 557; baseline 0.001 -20"><span class='ocrx_word' id='word_1_24' title='bbox 98 481 168 537; x_wconf 83' lang='lat' dir='ltr'>dum</span> <span class='ocrx_word' id='word_1_25' title='bbox 197 477 266 557; x_wconf 88' lang='lat' dir='ltr'>luit,</span> <span class='ocrx_word' id='word_1_26' title='bbox 299 477 377 556; x_wconf 91' lang='lat' dir='ltr'>quod</span> <span class='ocrx_word' id='word_1_27' title='bbox 406 478 500 555; x_wconf 90' lang='lat' dir='ltr'>prima</span> <span class='ocrx_word' id='word_1_28' title='bbox 528 493 632 535; x_wconf 90' lang='lat' dir='ltr'>manus</span> <span class='ocrx_word' id='word_1_29' title='bbox 660 477 814 555; x_wconf 85' lang='lat' dir='ltr'>expunxit,</span> <span class='ocrx_word' id='word_1_30' title='bbox 847 475 903 536; x_wconf 91' lang='lat' dir='ltr'>hoc</span> <span class='ocrx_word' id='word_1_31' title='bbox 931 495 967 537; x_wconf 86' lang='lat' dir='ltr'>ex</span> <span class='ocrx_word' id='word_1_32' title='bbox 994 476 1110 538; x_wconf 83' lang='lat' dir='ltr'>ultimis</span> 
     </span>
     <span class='ocr_line' id='line_1_5' title="bbox 97 565 1109 645; baseline 0.003 -21"><span class='ocrx_word' id='word_1_33' title='bbox 97 565 216 644; x_wconf 84' lang='lat' dir='ltr'>syllabis</span> <span class='ocrx_word' id='word_1_34' title='bbox 240 566 323 626; x_wconf 86' lang='lat' dir='ltr'>verbi</span> <span class='ocrx_word' id='word_1_35' title='bbox 351 568 547 641; x_wconf 81' lang='lat' dir='ltr'>repetendum</span> <span class='ocrx_word' id='word_1_36' title='bbox 575 565 773 643; x_wconf 88' lang='lat' dir='ltr'>dittographia</span> <span class='ocrx_word' id='word_1_37' title='bbox 797 572 895 625; x_wconf 91' lang='lat' dir='ltr'>ortum</span> <span class='ocrx_word' id='word_1_38' title='bbox 920 583 984 625; x_wconf 89' lang='grc'><strong>3333</strong></span> <span class='ocrx_word' id='word_1_39' title='bbox 1011 570 1109 645; x_wconf 87' lang='lat' dir='ltr'>suspi-</span> 
     </span>
     <span class='ocr_line' id='line_1_6' title="bbox 98 653 1110 736; baseline 0 -21"><span class='ocrx_word' id='word_1_40' title='bbox 98 673 175 736; x_wconf 88' lang='lat' dir='ltr'>cere,</span> <span class='ocrx_word' id='word_1_41' title='bbox 203 673 299 735; x_wconf 89' lang='lat' dir='ltr'>neque</span> <span class='ocrx_word' id='word_1_42' title='bbox 322 653 540 714; x_wconf 89' lang='lat' dir='ltr'>Wilamowitzii</span> <span class='ocrx_word' id='word_1_43' title='bbox 569 655 739 713; x_wconf 93' lang='lat' dir='ltr'>coniectura</span> <span class='ocrx_word' id='word_1_44' title='bbox 767 657 898 729; x_wconf 77' lang='lat' dir='ltr'>apertum</span> <span class='ocrx_word' id='word_1_45' title='bbox 925 653 1035 735; x_wconf 89' lang='lat' dir='ltr'>placet,</span> <span class='ocrx_word' id='word_1_46' title='bbox 1063 655 1110 716; x_wconf 91' lang='lat' dir='ltr'>vel</span> 
     </span>
     <span class='ocr_line' id='line_1_7' title="bbox 97 742 1109 825; baseline 0.002 -23"><span class='ocrx_word' id='word_1_47' title='bbox 97 751 263 825; x_wconf 90' lang='lat' dir='ltr'>propterea,</span> <span class='ocrx_word' id='word_1_48' title='bbox 282 743 360 822; x_wconf 91' lang='lat' dir='ltr'>quod</span> <span class='ocrx_word' id='word_1_49' title='bbox 375 742 550 803; x_wconf 90' lang='lat' dir='ltr'>adhortandi</span> <span class='ocrx_word' id='word_1_50' title='bbox 564 760 651 802; x_wconf 85' lang='lat' dir='ltr'>voces</span> <span class='ocrx_word' id='word_1_51' title='bbox 670 744 761 802; x_wconf 91' lang='lat' dir='ltr'>nimis</span> <span class='ocrx_word' id='word_1_52' title='bbox 781 742 945 803; x_wconf 81' lang='lat' dir='ltr'>cumulatae</span> <span class='ocrx_word' id='word_1_53' title='bbox 960 743 1109 805; x_wconf 90' lang='lat' dir='ltr'>videntur.</span> 
     </span>
     <span class='ocr_line' id='line_1_8' title="bbox 97 830 1110 912; baseline 0.001 -20"><span class='ocrx_word' id='word_1_54' title='bbox 97 831 173 892; x_wconf 89' lang='lat' dir='ltr'>Sane</span> <span class='ocrx_word' id='word_1_55' title='bbox 198 833 331 912; x_wconf 90' lang='lat' dir='ltr'>quidem,</span> <span class='ocrx_word' id='word_1_56' title='bbox 359 834 385 891; x_wconf 88' lang='lat' dir='ltr'>si</span> <span class='ocrx_word' id='word_1_57' title='bbox 407 830 499 912; x_wconf 89' lang='grc'><strong>31133,</strong></span> <span class='ocrx_word' id='word_1_58' title='bbox 526 831 574 891; x_wconf 91' lang='lat' dir='ltr'>hic</span> <span class='ocrx_word' id='word_1_59' title='bbox 597 830 680 891; x_wconf 90' lang='lat' dir='ltr'>locus</span> <span class='ocrx_word' id='word_1_60' title='bbox 708 849 813 891; x_wconf 89' lang='lat' dir='ltr'>vereor</span> <span class='ocrx_word' id='word_1_61' title='bbox 839 850 877 891; x_wconf 92' lang='lat' dir='ltr'>ne</span> <span class='ocrx_word' id='word_1_62' title='bbox 906 834 1110 910; x_wconf 84' lang='lat' dir='ltr'>suspicionem</span> 
     </span>
     <span class='ocr_line' id='line_1_9' title="bbox 96 919 1108 1001; baseline 0.002 -21"><span class='ocrx_word' id='word_1_63' title='bbox 96 939 214 981; x_wconf 83' lang='lat' dir='ltr'>movere</span> <span class='ocrx_word' id='word_1_64' title='bbox 233 923 328 1000; x_wconf 82' lang='lat' dir='ltr'><strong>possit</strong></span> <span class='ocrx_word' id='word_1_65' title='bbox 346 939 423 1001; x_wconf 88' lang='lat' dir='ltr'>eum,</span> <span class='ocrx_word' id='word_1_66' title='bbox 445 922 496 999; x_wconf 93' lang='lat' dir='ltr'>qui</span> <span class='ocrx_word' id='word_1_67' title='bbox 515 920 648 980; x_wconf 76' lang='lat' dir='ltr'>codicem</span> <span class='ocrx_word' id='word_1_68' title='bbox 666 919 690 978; x_wconf 87' lang='lat' dir='ltr'>L</span> <span class='ocrx_word' id='word_1_69' title='bbox 708 920 844 1000; x_wconf 85' lang='lat' dir='ltr'>coniecit,</span> <span class='ocrx_word' id='word_1_70' title='bbox 864 939 922 980; x_wconf 94' lang='lat' dir='ltr'>non</span> <span class='ocrx_word' id='word_1_71' title='bbox 942 923 983 980; x_wconf 93' lang='lat' dir='ltr'>ita</span> <span class='ocrx_word' id='word_1_72' title='bbox 1002 920 1108 982; x_wconf 80' lang='lat' dir='ltr'>Latine</span> 
     </span>
     <span class='ocr_line' id='line_1_10' title="bbox 97 1009 1110 1090; baseline 0.004 -22"><span class='ocrx_word' id='word_1_73' title='bbox 97 1010 249 1070; x_wconf 88' lang='lat' dir='ltr'>indoctum</span> <span class='ocrx_word' id='word_1_74' title='bbox 272 1010 377 1090; x_wconf 80' lang='lat' dir='ltr'>luisse3</span> <span class='ocrx_word' id='word_1_75' title='bbox 401 1027 469 1069; x_wconf 88' lang='lat' dir='ltr'>nam</span> <span class='ocrx_word' id='word_1_76' title='bbox 493 1027 560 1069; x_wconf 93' lang='lat' dir='ltr'>cum</span> <span class='ocrx_word' id='word_1_77' title='bbox 583 1011 614 1069; x_wconf 94' lang='lat' dir='ltr'>in</span> <span class='ocrx_word' id='word_1_78' title='bbox 634 1009 792 1088; x_wconf 86' lang='lat' dir='ltr'>archetypo</span> <span class='ocrx_word' id='word_1_79' title='bbox 812 1027 866 1068; x_wconf 92' lang='lat' dir='ltr'>suo</span> <span class='ocrx_word' id='word_1_80' title='bbox 886 1009 959 1069; x_wconf 94' lang='lat' dir='ltr'>illud</span> <span class='ocrx_word' id='word_1_81' title='bbox 978 1014 1110 1071; x_wconf 78' lang='lat' dir='ltr'>cendam</span> 
     </span>
     <span class='ocr_line' id='line_1_11' title="bbox 96 1098 1109 1180; baseline 0.003 -23"><span class='ocrx_word' id='word_1_82' title='bbox 96 1101 271 1180; x_wconf 91' lang='lat' dir='ltr'>invenisset,</span> <span class='ocrx_word' id='word_1_83' title='bbox 298 1099 329 1159; x_wconf 92' lang='lat' dir='ltr'>id</span> <span class='ocrx_word' id='word_1_84' title='bbox 352 1100 488 1159; x_wconf 91' lang='lat' dir='ltr'>omisisse</span> <span class='ocrx_word' id='word_1_85' title='bbox 511 1098 641 1178; x_wconf 88' lang='lat' dir='ltr'>videtur,</span> <span class='ocrx_word' id='word_1_86' title='bbox 669 1099 778 1177; x_wconf 90' lang='lat' dir='ltr'>quippe</span> <span class='ocrx_word' id='word_1_87' title='bbox 802 1098 881 1177; x_wconf 92' lang='lat' dir='ltr'>quod</span> <span class='ocrx_word' id='word_1_88' title='bbox 909 1117 968 1158; x_wconf 94' lang='lat' dir='ltr'>non</span> <span class='ocrx_word' id='word_1_89' title='bbox 992 1099 1109 1160; x_wconf 91' lang='lat' dir='ltr'>intelle-</span> 
     </span>
     <span class='ocr_line' id='line_1_12' title="bbox 97 1185 1109 1266; baseline 0.001 -18"><span class='ocrx_word' id='word_1_90' title='bbox 97 1195 188 1266; x_wconf 83' lang='lat' dir='ltr'>geret.</span> <span class='ocrx_word' id='word_1_91' title='bbox 212 1222 254 1230; x_wconf 92' lang='lat'>-</span> <span class='ocrx_word' id='word_1_92' title='bbox 277 1187 318 1248; x_wconf 91' lang='lat' dir='ltr'>lb.</span> <span class='ocrx_word' id='word_1_93' title='bbox 339 1186 357 1248; x_wconf 80' lang='lat'>7</span> <span class='ocrx_word' id='word_1_94' title='bbox 381 1205 436 1266; x_wconf 93' lang='lat' dir='ltr'>pro</span> <span class='ocrx_word' id='word_1_95' title='bbox 465 1191 546 1265; x_wconf 78' lang='lat' dir='ltr'>ipsas</span> <span class='ocrx_word' id='word_1_96' title='bbox 568 1185 805 1265; x_wconf 84' lang='lat' dir='ltr'>Luetjohannum</span> <span class='ocrx_word' id='word_1_97' title='bbox 833 1188 897 1247; x_wconf 92' lang='lat' dir='ltr'>sine</span> <span class='ocrx_word' id='word_1_98' title='bbox 921 1205 1009 1247; x_wconf 90' lang='lat' dir='ltr'>causa</span> <span class='ocrx_word' id='word_1_99' title='bbox 1033 1192 1109 1249; x_wconf 81' lang='grc'><strong>13133</strong></span> 
     </span>
     <span class='ocr_line' id='line_1_13' title="bbox 97 1275 1109 1358; baseline -0.001 -21"><span class='ocrx_word' id='word_1_100' title='bbox 97 1279 267 1358; x_wconf 82' lang='lat' dir='ltr'>scripsisse,</span> <span class='ocrx_word' id='word_1_101' title='bbox 300 1295 368 1337; x_wconf 91' lang='lat' dir='ltr'>cum</span> <span class='ocrx_word' id='word_1_102' title='bbox 397 1276 661 1353; x_wconf 84' lang='lat' dir='ltr'>demonstrativum</span> <span class='ocrx_word' id='word_1_103' title='bbox 691 1275 779 1335; x_wconf 93' lang='lat' dir='ltr'>huius</span> <span class='ocrx_word' id='word_1_104' title='bbox 808 1278 991 1354; x_wconf 81' lang='lat' dir='ltr'>pronominis</span> <span class='ocrx_word' id='word_1_105' title='bbox 1019 1295 1109 1336; x_wconf 89' lang='lat' dir='ltr'>usum</span> 
     </span>
     <span class='ocr_line' id='line_1_14' title="bbox 96 1362 1107 1446; baseline -0.001 -21"><span class='ocrx_word' id='word_1_106' title='bbox 96 1384 156 1425; x_wconf 93' lang='lat' dir='ltr'>non</span> <span class='ocrx_word' id='word_1_107' title='bbox 183 1369 398 1446; x_wconf 79' lang='lat' dir='ltr'>perspexisset,</span> <span class='ocrx_word' id='word_1_108' title='bbox 426 1367 485 1425; x_wconf 88' lang='lat' dir='ltr'>iam</span> <span class='ocrx_word' id='word_1_109' title='bbox 507 1364 644 1444; x_wconf 88' lang='lat' dir='ltr'>Engelbr.</span> <span class='ocrx_word' id='word_1_110' title='bbox 668 1362 810 1443; x_wconf 79' lang='lat' dir='ltr'>l.1.p.2</span> <span class='ocrx_word' id='word_1_111' title='bbox 840 1367 984 1444; x_wconf 83' lang='lat' dir='ltr'>exposuit.</span> <span class='ocrx_word' id='word_1_112' title='bbox 1031 1365 1107 1425; x_wconf 91' lang='lat' dir='ltr'>ltem</span> 
     </span>
     <span class='ocr_line' id='line_1_15' title="bbox 97 1450 1107 1535; baseline -0.002 -20"><span class='ocrx_word' id='word_1_113' title='bbox 97 1473 141 1533; x_wconf 92' lang='lat' dir='ltr'>ep.</span> <span class='ocrx_word' id='word_1_114' title='bbox 160 1453 273 1535; x_wconf 90' lang='grc'><strong>11,1,1</strong></span> <span class='ocrx_word' id='word_1_115' title='bbox 299 1461 328 1515; x_wconf 93' lang='grc'>31</span> <span class='ocrx_word' id='word_1_116' title='bbox 350 1450 478 1535; x_wconf 81' lang='lat'>111,5,2</span> <span class='ocrx_word' id='word_1_117' title='bbox 502 1454 609 1514; x_wconf 91' lang='lat' dir='ltr'>tradita</span> <span class='ocrx_word' id='word_1_118' title='bbox 633 1453 720 1514; x_wconf 90' lang='lat' dir='ltr'>lectio</span> <span class='ocrx_word' id='word_1_119' title='bbox 739 1453 909 1531; x_wconf 91' lang='lat' dir='ltr'>reponenda</span> <span class='ocrx_word' id='word_1_120' title='bbox 929 1460 983 1514; x_wconf 92' lang='grc'><strong>331.</strong></span> <span class='ocrx_word' id='word_1_121' title='bbox 1021 1452 1107 1524; x_wconf 82' lang='lat' dir='ltr'>Quod</span> 
     </span>
     <span class='ocr_line' id='line_1_16' title="bbox 96 1537 1109 1622; baseline 0.001 -20"><span class='ocrx_word' id='word_1_122' title='bbox 96 1543 258 1603; x_wconf 91' lang='lat' dir='ltr'>Bonnetius</span> <span class='ocrx_word' id='word_1_123' title='bbox 290 1539 329 1603; x_wconf 71' lang='lat' dir='ltr'>‘le</span> <span class='ocrx_word' id='word_1_124' title='bbox 360 1542 432 1602; x_wconf 93' lang='lat' dir='ltr'>latin</span> <span class='ocrx_word' id='word_1_125' title='bbox 460 1543 487 1602; x_wconf 94' lang='lat' dir='ltr'>d.</span> <span class='ocrx_word' id='word_1_126' title='bbox 511 1542 597 1621; x_wconf 80' lang='lat' dir='ltr'>Greg.</span> <span class='ocrx_word' id='word_1_127' title='bbox 621 1542 648 1602; x_wconf 92' lang='lat' dir='ltr'>d.</span> <span class='ocrx_word' id='word_1_128' title='bbox 672 1537 780 1616; x_wconf 83' lang='lat' dir='ltr'>Tours&#39;</span> <span class='ocrx_word' id='word_1_129' title='bbox 808 1561 835 1621; x_wconf 93' lang='lat' dir='ltr'>p.</span> <span class='ocrx_word' id='word_1_130' title='bbox 860 1540 926 1605; x_wconf 89' lang='lat'>300</span> <span class='ocrx_word' id='word_1_131' title='bbox 937 1561 999 1622; x_wconf 88' lang='lat' dir='ltr'>sqq.</span> <span class='ocrx_word' id='word_1_132' title='bbox 1034 1542 1109 1603; x_wconf 88' lang='lat' dir='ltr'>dicit</span> 
     </span>
     <span class='ocr_line' id='line_1_17' title="bbox 96 1630 1110 1712; baseline 0 -20"><span class='ocrx_word' id='word_1_133' title='bbox 96 1632 173 1710; x_wconf 87' lang='lat' dir='ltr'>apud</span> <span class='ocrx_word' id='word_1_134' title='bbox 201 1630 376 1710; x_wconf 88' lang='lat' dir='ltr'>Gregorium</span> <span class='ocrx_word' id='word_1_135' title='bbox 404 1631 609 1692; x_wconf 84' lang='lat' dir='ltr'>Turonensem</span> <span class='ocrx_word' id='word_1_136' title='bbox 638 1633 847 1711; x_wconf 92' lang='lat' dir='ltr'>pronominum</span> <span class='ocrx_word' id='word_1_137' title='bbox 874 1635 913 1705; x_wconf 85' lang='grc'>13,</span> <span class='ocrx_word' id='word_1_138' title='bbox 945 1635 1009 1705; x_wconf 77' lang='lat' dir='ltr'>dic,</span> <span class='ocrx_word' id='word_1_139' title='bbox 1043 1635 1110 1712; x_wconf 82' lang='grc'><strong>1313,</strong></span> 
     </span>
     <span class='ocr_line' id='line_1_18' title="bbox 97 1720 1108 1802; baseline -0.002 -21"><span class='ocrx_word' id='word_1_140' title='bbox 97 1725 154 1796; x_wconf 80' lang='lat' dir='ltr'>ille,</span> <span class='ocrx_word' id='word_1_141' title='bbox 183 1724 254 1802; x_wconf 80' lang='lat' dir='ltr'>ipse,</span> <span class='ocrx_word' id='word_1_142' title='bbox 283 1724 361 1781; x_wconf 79' lang='lat' dir='ltr'>idem</span> <span class='ocrx_word' id='word_1_143' title='bbox 383 1722 442 1781; x_wconf 90' lang='lat' dir='ltr'>vim</span> <span class='ocrx_word' id='word_1_144' title='bbox 466 1739 500 1780; x_wconf 93' lang='lat' dir='ltr'>ac</span> <span class='ocrx_word' id='word_1_145' title='bbox 523 1727 699 1799; x_wconf 90' lang='lat' dir='ltr'>potestatem</span> <span class='ocrx_word' id='word_1_146' title='bbox 722 1722 781 1780; x_wconf 91' lang='lat' dir='ltr'>iam</span> <span class='ocrx_word' id='word_1_147' title='bbox 808 1722 931 1780; x_wconf 90' lang='lat' dir='ltr'>nonita</span> <span class='ocrx_word' id='word_1_148' title='bbox 959 1720 1108 1779; x_wconf 90' lang='lat' dir='ltr'>diversam</span> 
     </span>
     <span class='ocr_line' id='line_1_19' title="bbox 96 1808 1108 1890; baseline -0.002 -20"><span class='ocrx_word' id='word_1_149' title='bbox 96 1828 171 1890; x_wconf 89' lang='grc'><strong>3333,</strong></span> <span class='ocrx_word' id='word_1_150' title='bbox 194 1817 310 1869; x_wconf 92' lang='lat' dir='ltr'>utnon</span> <span class='ocrx_word' id='word_1_151' title='bbox 333 1808 412 1869; x_wconf 92' lang='lat' dir='ltr'>aliud</span> <span class='ocrx_word' id='word_1_152' title='bbox 435 1811 467 1869; x_wconf 94' lang='lat' dir='ltr'>in</span> <span class='ocrx_word' id='word_1_153' title='bbox 490 1808 569 1868; x_wconf 94' lang='lat' dir='ltr'>aliud</span> <span class='ocrx_word' id='word_1_154' title='bbox 592 1815 732 1890; x_wconf 89' lang='lat' dir='ltr'>transeat,</span> <span class='ocrx_word' id='word_1_155' title='bbox 755 1809 785 1868; x_wconf 94' lang='lat' dir='ltr'>id</span> <span class='ocrx_word' id='word_1_156' title='bbox 804 1811 836 1868; x_wconf 92' lang='lat' dir='ltr'>in</span> <span class='ocrx_word' id='word_1_157' title='bbox 856 1808 1010 1868; x_wconf 90' lang='lat' dir='ltr'>Sidonium</span> <span class='ocrx_word' id='word_1_158' title='bbox 1034 1827 1108 1886; x_wconf 88' lang='lat' dir='ltr'>quo-</span> 
     </span>
     <span class='ocr_line' id='line_1_20' title="bbox 96 1897 1105 1978; baseline -0.003 -19"><span class='ocrx_word' id='word_1_159' title='bbox 96 1916 154 1978; x_wconf 90' lang='lat' dir='ltr'>qne</span> <span class='ocrx_word' id='word_1_160' title='bbox 191 1897 323 1976; x_wconf 89' lang='lat' dir='ltr'>aliosque</span> <span class='ocrx_word' id='word_1_161' title='bbox 364 1897 443 1957; x_wconf 93' lang='lat' dir='ltr'>illius</span> <span class='ocrx_word' id='word_1_162' title='bbox 484 1899 588 1957; x_wconf 88' lang='lat' dir='ltr'>aetatis</span> <span class='ocrx_word' id='word_1_163' title='bbox 625 1901 786 1976; x_wconf 87' lang='lat' dir='ltr'>scriptores</span> <span class='ocrx_word' id='word_1_164' title='bbox 824 1897 929 1958; x_wconf 88' lang='lat' dir='ltr'>cadere</span> <span class='ocrx_word' id='word_1_165' title='bbox 967 1897 1105 1976; x_wconf 92' lang='lat' dir='ltr'>plurimis</span> 
     </span>
     <span class='ocr_line' id='line_1_21' title="bbox 96 1986 1105 2066; baseline -0.002 -18"><span class='ocrx_word' id='word_1_166' title='bbox 96 1986 238 2066; x_wconf 81' lang='lat' dir='ltr'>exemplis</span> <span class='ocrx_word' id='word_1_167' title='bbox 262 2005 298 2047; x_wconf 86' lang='lat' dir='ltr'>ex</span> <span class='ocrx_word' id='word_1_168' title='bbox 326 1989 429 2066; x_wconf 89' lang='lat' dir='ltr'>quovis</span> <span class='ocrx_word' id='word_1_169' title='bbox 456 1987 554 2046; x_wconf 90' lang='lat' dir='ltr'>indice</span> <span class='ocrx_word' id='word_1_170' title='bbox 583 1989 708 2066; x_wconf 91' lang='lat' dir='ltr'>sumptis</span> <span class='ocrx_word' id='word_1_171' title='bbox 736 1987 905 2047; x_wconf 88' lang='lat' dir='ltr'>confirmari</span> <span class='ocrx_word' id='word_1_172' title='bbox 932 1993 1037 2065; x_wconf 88' lang='lat' dir='ltr'>potest.</span> <span class='ocrx_word' id='word_1_173' title='bbox 1063 2020 1105 2029; x_wconf 89' lang='lat'>—-</span> 
     </span>
     <span class='ocr_line' id='line_1_22' title="bbox 95 2074 1107 2154; baseline -0.002 -17"><span class='ocrx_word' id='word_1_174' title='bbox 95 2077 135 2137; x_wconf 86' lang='lat' dir='ltr'>lb.</span> <span class='ocrx_word' id='word_1_175' title='bbox 156 2075 175 2139; x_wconf 89' lang='lat'><em>8</em></span> <span class='ocrx_word' id='word_1_176' title='bbox 200 2083 233 2136; x_wconf 92' lang='lat' dir='ltr'>ut</span> <span class='ocrx_word' id='word_1_177' title='bbox 255 2075 390 2136; x_wconf 91' lang='lat' dir='ltr'>lacunam</span> <span class='ocrx_word' id='word_1_178' title='bbox 413 2077 444 2135; x_wconf 94' lang='lat' dir='ltr'>in</span> <span class='ocrx_word' id='word_1_179' title='bbox 466 2077 585 2154; x_wconf 91' lang='lat' dir='ltr'>optimis</span> <span class='ocrx_word' id='word_1_180' title='bbox 605 2074 757 2136; x_wconf 90' lang='lat' dir='ltr'>codicibus</span> <span class='ocrx_word' id='word_1_181' title='bbox 776 2075 935 2136; x_wconf 90' lang='lat' dir='ltr'>indicatam</span> <span class='ocrx_word' id='word_1_182' title='bbox 954 2075 1107 2154; x_wconf 85' lang='lat' dir='ltr'>explerem</span> 
     </span>
     <span class='ocr_line' id='line_1_23' title="bbox 96 2157 1107 2247; baseline -0.003 -21"><span class='ocrx_word' id='word_1_183' title='bbox 96 2164 244 2245; x_wconf 90' lang='lat' dir='ltr'>simulque</span> <span class='ocrx_word' id='word_1_184' title='bbox 277 2164 454 2226; x_wconf 89' lang='lat' dir='ltr'>claudicanti</span> <span class='ocrx_word' id='word_1_185' title='bbox 486 2172 515 2225; x_wconf 92' lang='grc'>31</span> <span class='ocrx_word' id='word_1_186' title='bbox 545 2167 760 2225; x_wconf 89' lang='lat' dir='ltr'>constructioni</span> <span class='ocrx_word' id='word_1_187' title='bbox 793 2157 994 2247; x_wconf 85' lang='lat' dir='ltr'>(desideratur</span> <span class='ocrx_word' id='word_1_188' title='bbox 1026 2166 1107 2224; x_wconf 91' lang='lat' dir='ltr'>enim</span> 
     </span>
     <span class='ocr_line' id='line_1_24' title="bbox 96 2248 1106 2337; baseline -0.003 -22"><span class='ocrx_word' id='word_1_189' title='bbox 96 2255 262 2316; x_wconf 91' lang='lat' dir='ltr'>subiectum</span> <span class='ocrx_word' id='word_1_190' title='bbox 294 2248 446 2337; x_wconf 84' lang='lat' dir='ltr'>infinitivi)</span> <span class='ocrx_word' id='word_1_191' title='bbox 477 2261 507 2314; x_wconf 90' lang='lat' dir='ltr'>et</span> <span class='ocrx_word' id='word_1_192' title='bbox 539 2256 703 2314; x_wconf 87' lang='grc'><strong>3331331133</strong></span> <span class='ocrx_word' id='word_1_193' title='bbox 736 2253 943 2333; x_wconf 80' lang='lat' dir='ltr'>subvenirem,</span> <span class='ocrx_word' id='word_1_194' title='bbox 980 2255 1106 2331; x_wconf 92' lang='lat' dir='ltr'>scripsi:</span> 
     </span>
     <span class='ocr_line' id='line_1_25' title="bbox 96 2342 1107 2420; baseline -0.004 -16"><span class='ocrx_word' id='word_1_195' title='bbox 96 2347 183 2405; x_wconf 78' lang='lat' dir='ltr'>iubeo</span> <span class='ocrx_word' id='word_1_196' title='bbox 207 2352 243 2418; x_wconf 87' lang='grc'>13,</span> <span class='ocrx_word' id='word_1_197' title='bbox 273 2347 390 2404; x_wconf 80' lang='lat' dir='ltr'>scilicet</span> <span class='ocrx_word' id='word_1_198' title='bbox 408 2361 468 2420; x_wconf 84' lang='lat' dir='ltr'>pro</span> <span class='ocrx_word' id='word_1_199' title='bbox 493 2350 645 2419; x_wconf 82' lang='lat' dir='ltr'>potestate·</span> <span class='ocrx_word' id='word_1_200' title='bbox 669 2346 805 2404; x_wconf 81' lang='grc'><strong>31331311.</strong></span> <span class='ocrx_word' id='word_1_201' title='bbox 851 2342 991 2403; x_wconf 89' lang='lat' dir='ltr'>Sidonius</span> <span class='ocrx_word' id='word_1_202' title='bbox 1015 2343 1107 2419; x_wconf 91' lang='lat' dir='ltr'>igitur</span> 
     </span>
     <span class='ocr_line' id='line_1_26' title="bbox 95 2432 1105 2511; baseline -0.002 -19"><span class='ocrx_word' id='word_1_203' title='bbox 95 2451 149 2511; x_wconf 96' lang='lat' dir='ltr'>per</span> <span class='ocrx_word' id='word_1_204' title='bbox 172 2435 271 2494; x_wconf 91' lang='lat' dir='ltr'>iocum</span> <span class='ocrx_word' id='word_1_205' title='bbox 294 2434 379 2511; x_wconf 88' lang='lat' dir='ltr'>quasi</span> <span class='ocrx_word' id='word_1_206' title='bbox 407 2432 583 2510; x_wconf 88' lang='lat' dir='ltr'>superbiens</span> <span class='ocrx_word' id='word_1_207' title='bbox 611 2432 753 2509; x_wconf 83' lang='lat' dir='ltr'>dignitate</span> <span class='ocrx_word' id='word_1_208' title='bbox 776 2432 864 2491; x_wconf 91' lang='lat' dir='ltr'>modo</span> <span class='ocrx_word' id='word_1_209' title='bbox 888 2438 1009 2510; x_wconf 90' lang='lat' dir='ltr'>accepta</span> <span class='ocrx_word' id='word_1_210' title='bbox 1033 2433 1105 2490; x_wconf 89' lang='lat' dir='ltr'>ami-</span> 
     </span>
     <span class='ocr_line' id='line_1_27' title="bbox 96 2511 1106 2600; baseline 0 -20"><span class='ocrx_word' id='word_1_211' title='bbox 96 2540 163 2580; x_wconf 90' lang='lat' dir='ltr'>cum</span> <span class='ocrx_word' id='word_1_212' title='bbox 186 2520 269 2582; x_wconf 90' lang='lat' dir='ltr'>iubet</span> <span class='ocrx_word' id='word_1_213' title='bbox 291 2522 386 2600; x_wconf 88' lang='lat' dir='ltr'>ipsius</span> <span class='ocrx_word' id='word_1_214' title='bbox 410 2523 437 2580; x_wconf 90' lang='lat' dir='ltr'>si</span> <span class='ocrx_word' id='word_1_215' title='bbox 459 2538 519 2580; x_wconf 92' lang='lat' dir='ltr'>non</span> <span class='ocrx_word' id='word_1_216' title='bbox 542 2519 740 2599; x_wconf 89' lang='lat' dir='ltr'>eloquentiam</span> <span class='ocrx_word' id='word_1_217' title='bbox 759 2527 788 2580; x_wconf 89' lang='lat' dir='ltr'>at</span> <span class='ocrx_word' id='word_1_218' title='bbox 806 2511 977 2580; x_wconf 87' lang='lat' dir='ltr'>lelicitatem</span> <span class='ocrx_word' id='word_1_219' title='bbox 996 2519 1106 2580; x_wconf 91' lang='lat' dir='ltr'>debitis</span> 
     </span>
     <span class='ocr_line' id='line_1_28' title="bbox 95 2607 1105 2690; baseline -0.002 -21"><span class='ocrx_word' id='word_1_220' title='bbox 95 2609 233 2670; x_wconf 89' lang='lat' dir='ltr'>laudibus</span> <span class='ocrx_word' id='word_1_221' title='bbox 254 2610 369 2671; x_wconf 82' lang='lat' dir='ltr'>efferre.</span> <span class='ocrx_word' id='word_1_222' title='bbox 390 2643 432 2651; x_wconf 88' lang='lat'>—</span> <span class='ocrx_word' id='word_1_223' title='bbox 451 2609 473 2690; x_wconf 93' lang='lat' dir='ltr'>l,</span> <span class='ocrx_word' id='word_1_224' title='bbox 493 2608 544 2690; x_wconf 88' lang='lat'>11,</span> <span class='ocrx_word' id='word_1_225' title='bbox 562 2607 584 2669; x_wconf 83' lang='lat'>4</span> <span class='ocrx_word' id='word_1_226' title='bbox 606 2627 622 2669; x_wconf 88' lang='grc'>3</span> <span class='ocrx_word' id='word_1_227' title='bbox 646 2608 772 2669; x_wconf 88' lang='grc'><strong>13311333</strong></span> <span class='ocrx_word' id='word_1_228' title='bbox 792 2609 903 2670; x_wconf 90' lang='lat' dir='ltr'>codicis</span> <span class='ocrx_word' id='word_1_229' title='bbox 921 2608 945 2667; x_wconf 91' lang='lat' dir='ltr'>L</span> <span class='ocrx_word' id='word_1_230' title='bbox 964 2608 1105 2669; x_wconf 91' lang='lat' dir='ltr'>recedere</span> 
     </span>
     <span class='ocr_line' id='line_1_29' title="bbox 95 2693 1104 2782; baseline -0.001 -25"><span class='ocrx_word' id='word_1_231' title='bbox 95 2697 162 2758; x_wconf 90' lang='lat' dir='ltr'>nolo</span> <span class='ocrx_word' id='word_1_232' title='bbox 188 2693 234 2782; x_wconf 87' lang='lat' dir='ltr'>(in</span> <span class='ocrx_word' id='word_1_233' title='bbox 257 2698 282 2758; x_wconf 93' lang='lat' dir='ltr'><strong>N</strong></span> <span class='ocrx_word' id='word_1_234' title='bbox 306 2699 408 2759; x_wconf 92' lang='lat' dir='ltr'>dubito</span> <span class='ocrx_word' id='word_1_235' title='bbox 433 2717 470 2759; x_wconf 90' lang='grc'>33</span> <span class='ocrx_word' id='word_1_236' title='bbox 496 2702 636 2759; x_wconf 79' lang='lat' dir='ltr'>extraxit</span> <span class='ocrx_word' id='word_1_237' title='bbox 658 2698 760 2778; x_wconf 84' lang='lat' dir='ltr'>luerit,</span> <span class='ocrx_word' id='word_1_238' title='bbox 789 2716 966 2777; x_wconf 90' lang='lat' dir='ltr'>quamquam</span> <span class='ocrx_word' id='word_1_239' title='bbox 990 2698 1104 2757; x_wconf 91' lang='lat' dir='ltr'>litterae</span> 
     </span>
     <span class='ocr_line' id='line_1_30' title="bbox 94 2780 1106 2870; baseline -0.003 -23"><span class='ocrx_word' id='word_1_240' title='bbox 94 2806 117 2847; x_wconf 79' lang='lat' dir='ltr'><strong><em>x</em></strong></span> <span class='ocrx_word' id='word_1_241' title='bbox 145 2794 175 2847; x_wconf 95' lang='lat' dir='ltr'>et</span> <span class='ocrx_word' id='word_1_242' title='bbox 202 2795 214 2847; x_wconf 94' lang='grc'>1</span> <span class='ocrx_word' id='word_1_243' title='bbox 241 2806 328 2866; x_wconf 88' lang='lat' dir='ltr'>saepe</span> <span class='ocrx_word' id='word_1_244' title='bbox 357 2788 501 2866; x_wconf 84' lang='lat' dir='ltr'>distingui</span> <span class='ocrx_word' id='word_1_245' title='bbox 527 2788 576 2846; x_wconf 82' lang='lat' dir='ltr'>vix</span> <span class='ocrx_word' id='word_1_246' title='bbox 603 2780 751 2870; x_wconf 86' lang='lat' dir='ltr'>possunt).</span> <span class='ocrx_word' id='word_1_247' title='bbox 798 2785 884 2847; x_wconf 89' lang='lat' dir='ltr'>Certe</span> <span class='ocrx_word' id='word_1_248' title='bbox 913 2805 974 2862; x_wconf 80' lang='lat' dir='ltr'>qua</span> <span class='ocrx_word' id='word_1_249' title='bbox 1001 2804 1106 2845; x_wconf 82' lang='lat' dir='ltr'>rerum</span> 
     </span>
     <span class='ocr_line' id='line_1_31' title="bbox 95 2868 1104 2956; baseline -0.002 -21"><span class='ocrx_word' id='word_1_250' title='bbox 95 2893 161 2936; x_wconf 89' lang='grc'><strong>3333</strong></span> <span class='ocrx_word' id='word_1_251' title='bbox 183 2894 239 2936; x_wconf 90' lang='grc'>333</span> <span class='ocrx_word' id='word_1_252' title='bbox 262 2878 294 2936; x_wconf 90' lang='grc'>13</span> <span class='ocrx_word' id='word_1_253' title='bbox 321 2895 379 2952; x_wconf 78' lang='lat' dir='ltr'>qno</span> <span class='ocrx_word' id='word_1_254' title='bbox 403 2878 511 2936; x_wconf 93' lang='lat' dir='ltr'>mutari</span> <span class='ocrx_word' id='word_1_255' title='bbox 539 2875 647 2936; x_wconf 91' lang='lat' dir='ltr'>debere</span> <span class='ocrx_word' id='word_1_256' title='bbox 675 2877 747 2936; x_wconf 90' lang='grc'><strong>33113</strong></span> <span class='ocrx_word' id='word_1_257' title='bbox 770 2874 871 2937; x_wconf 89' lang='lat' dir='ltr'>multis</span> <span class='ocrx_word' id='word_1_258' title='bbox 895 2873 1039 2953; x_wconf 84' lang='lat' dir='ltr'>exemplis</span> <span class='ocrx_word' id='word_1_259' title='bbox 1063 2868 1104 2956; x_wconf 82' lang='lat' dir='ltr'>(v.</span> 
     </span>
     <span class='ocr_line' id='line_1_32' title="bbox 95 2959 1102 3048; baseline -0.002 -24"><span class='ocrx_word' id='word_1_260' title='bbox 95 2983 183 3025; x_wconf 90' lang='lat' dir='ltr'>carm.</span> <span class='ocrx_word' id='word_1_261' title='bbox 203 2963 277 3045; x_wconf 89' lang='lat' dir='ltr'>XVI,</span> <span class='ocrx_word' id='word_1_262' title='bbox 296 2961 338 3025; x_wconf 89' lang='grc'>99</span> <span class='ocrx_word' id='word_1_263' title='bbox 363 2959 443 3048; x_wconf 83' lang='lat' dir='ltr'>adn.)</span> <span class='ocrx_word' id='word_1_264' title='bbox 467 2971 560 3046; x_wconf 78' lang='lat' dir='ltr'>patet3</span> <span class='ocrx_word' id='word_1_265' title='bbox 589 2964 641 3024; x_wconf 90' lang='lat' dir='ltr'>sed</span> <span class='ocrx_word' id='word_1_266' title='bbox 665 2967 753 3024; x_wconf 91' lang='lat' dir='ltr'>etiam</span> <span class='ocrx_word' id='word_1_267' title='bbox 777 2973 806 3026; x_wconf 90' lang='grc'>31</span> <span class='ocrx_word' id='word_1_268' title='bbox 828 2970 908 3024; x_wconf 90' lang='lat' dir='ltr'>recte</span> <span class='ocrx_word' id='word_1_269' title='bbox 938 2982 969 3023; x_wconf 92' lang='lat' dir='ltr'>se</span> <span class='ocrx_word' id='word_1_270' title='bbox 992 2963 1102 3023; x_wconf 87' lang='lat' dir='ltr'>habere</span> 
     </span>
     <span class='ocr_line' id='line_1_33' title="bbox 95 3050 1102 3134; baseline -0.001 -21"><span class='ocrx_word' id='word_1_271' title='bbox 95 3053 197 3134; x_wconf 80' lang='lat' dir='ltr'>cred03</span> <span class='ocrx_word' id='word_1_272' title='bbox 221 3053 256 3113; x_wconf 87' lang='grc'>31.</span> <span class='ocrx_word' id='word_1_273' title='bbox 276 3072 321 3132; x_wconf 93' lang='lat' dir='ltr'>ep.</span> <span class='ocrx_word' id='word_1_274' title='bbox 340 3052 389 3134; x_wconf 90' lang='lat' dir='ltr'>lX,</span> <span class='ocrx_word' id='word_1_275' title='bbox 410 3052 460 3134; x_wconf 88' lang='lat'>11,</span> <span class='ocrx_word' id='word_1_276' title='bbox 478 3050 498 3113; x_wconf 85' lang='lat'><strong>9</strong></span> <span class='ocrx_word' id='word_1_277' title='bbox 522 3056 575 3114; x_wconf 79' lang='lat' dir='ltr'>laos</span> <span class='ocrx_word' id='word_1_278' title='bbox 595 3100 645 3114; x_wconf 93' lang='lat'>...</span> <span class='ocrx_word' id='word_1_279' title='bbox 666 3057 737 3114; x_wconf 84' lang='lat' dir='ltr'>dum</span> <span class='ocrx_word' id='word_1_280' title='bbox 760 3057 930 3131; x_wconf 84' lang='lat' dir='ltr'>compellat,</span> <span class='ocrx_word' id='word_1_281' title='bbox 954 3061 984 3114; x_wconf 87' lang='grc'>31</span> <span class='ocrx_word' id='word_1_282' title='bbox 1003 3054 1102 3128; x_wconf 80' lang='lat' dir='ltr'>publi-</span> 
     </span>
     <span class='ocr_line' id='line_1_34' title="bbox 94 3139 1104 3223; baseline -0.003 -19"><span class='ocrx_word' id='word_1_283' title='bbox 94 3151 161 3215; x_wconf 86' lang='lat' dir='ltr'>cat;</span> <span class='ocrx_word' id='word_1_284' title='bbox 192 3141 281 3203; x_wconf 88' lang='lat' dir='ltr'>Hilar.</span> <span class='ocrx_word' id='word_1_285' title='bbox 304 3148 341 3202; x_wconf 92' lang='lat' dir='ltr'>tr.</span> <span class='ocrx_word' id='word_1_286' title='bbox 360 3161 383 3203; x_wconf 88' lang='grc'>3.</span> <span class='ocrx_word' id='word_1_287' title='bbox 402 3141 504 3221; x_wconf 89' lang='lat' dir='ltr'>psalm.</span> <span class='ocrx_word' id='word_1_288' title='bbox 524 3161 551 3221; x_wconf 91' lang='lat' dir='ltr'>p.</span> <span class='ocrx_word' id='word_1_289' title='bbox 572 3139 645 3223; x_wconf 77' lang='lat'>700,</span> <span class='ocrx_word' id='word_1_290' title='bbox 664 3140 684 3203; x_wconf 87' lang='lat'>6</span> <span class='ocrx_word' id='word_1_291' title='bbox 712 3145 795 3217; x_wconf 78' lang='lat' dir='ltr'>quod</span> <span class='ocrx_word' id='word_1_292' title='bbox 820 3146 903 3221; x_wconf 80' lang='lat' dir='ltr'>velit,</span> <span class='ocrx_word' id='word_1_293' title='bbox 931 3150 961 3202; x_wconf 88' lang='grc'>31</span> <span class='ocrx_word' id='word_1_294' title='bbox 985 3141 1104 3217; x_wconf 59' lang='lat' dir='ltr'>facian</span> 
     </span>
     <span class='ocr_line' id='line_1_35' title="bbox 94 3228 1104 3311; baseline -0.001 -20"><span class='ocrx_word' id='word_1_295' title='bbox 94 3231 218 3292; x_wconf 90' lang='lat' dir='ltr'>Salvian.</span> <span class='ocrx_word' id='word_1_296' title='bbox 242 3250 270 3310; x_wconf 87' lang='lat' dir='ltr'>p.</span> <span class='ocrx_word' id='word_1_297' title='bbox 291 3228 369 3311; x_wconf 84' lang='lat'>199,</span> <span class='ocrx_word' id='word_1_298' title='bbox 387 3228 430 3293; x_wconf 76' lang='lat'>25</span> <span class='ocrx_word' id='word_1_299' title='bbox 460 3250 539 3308; x_wconf 78' lang='lat' dir='ltr'>qnae</span> <span class='ocrx_word' id='word_1_300' title='bbox 565 3235 644 3292; x_wconf 79' lang='lat' dir='ltr'>enim</span> <span class='ocrx_word' id='word_1_301' title='bbox 663 3278 691 3291; x_wconf 90' lang='lat'>..</span> <span class='ocrx_word' id='word_1_302' title='bbox 708 3279 714 3291; x_wconf 93' lang='lat'><strong>.</strong></span> <span class='ocrx_word' id='word_1_303' title='bbox 733 3235 934 3306; x_wconf 78' lang='lat' dir='ltr'>seminarunt,</span> <span class='ocrx_word' id='word_1_304' title='bbox 967 3233 1045 3291; x_wconf 84' lang='grc'><strong>1333</strong></span> <span class='ocrx_word' id='word_1_305' title='bbox 1074 3238 1104 3290; x_wconf 88' lang='grc'>31</span> 
     </span>
     <span class='ocr_line' id='line_1_36' title="bbox 94 3313 1102 3404; baseline -0.002 -24"><span class='ocrx_word' id='word_1_306' title='bbox 94 3330 203 3382; x_wconf 79' lang='lat' dir='ltr'>metent</span> <span class='ocrx_word' id='word_1_307' title='bbox 226 3313 277 3404; x_wconf 87' lang='lat' dir='ltr'>(cl.</span> <span class='ocrx_word' id='word_1_308' title='bbox 297 3319 387 3380; x_wconf 86' lang='lat' dir='ltr'>Galat.</span> <span class='ocrx_word' id='word_1_309' title='bbox 407 3317 437 3401; x_wconf 89' lang='grc'>6,</span> <span class='ocrx_word' id='word_1_310' title='bbox 456 3314 504 3403; x_wconf 85' lang='grc'>8);</span> <span class='ocrx_word' id='word_1_311' title='bbox 527 3318 701 3381; x_wconf 89' lang='lat' dir='ltr'>Priscillian.</span> <span class='ocrx_word' id='word_1_312' title='bbox 720 3340 748 3399; x_wconf 93' lang='lat' dir='ltr'>p.</span> <span class='ocrx_word' id='word_1_313' title='bbox 768 3317 878 3400; x_wconf 83' lang='lat'>34,13</span> <span class='ocrx_word' id='word_1_314' title='bbox 901 3322 1102 3394; x_wconf 73' lang='grc'><strong>3333133333</strong></span> 
     </span>
     <span class='ocr_line' id='line_1_37' title="bbox 94 3406 1102 3485; baseline -0.003 -16"><span class='ocrx_word' id='word_1_315' title='bbox 94 3427 167 3483; x_wconf 75' lang='lat' dir='ltr'>mua,</span> <span class='ocrx_word' id='word_1_316' title='bbox 190 3418 220 3471; x_wconf 90' lang='grc'>31</span> <span class='ocrx_word' id='word_1_317' title='bbox 242 3413 410 3485; x_wconf 78' lang='lat' dir='ltr'>loquamur.</span> <span class='ocrx_word' id='word_1_318' title='bbox 430 3442 471 3450; x_wconf 92' lang='lat'>—</span> <span class='ocrx_word' id='word_1_319' title='bbox 490 3408 531 3469; x_wconf 87' lang='lat' dir='ltr'>lb.</span> <span class='ocrx_word' id='word_1_320' title='bbox 552 3407 572 3470; x_wconf 84' lang='lat'>5</span> <span class='ocrx_word' id='word_1_321' title='bbox 592 3409 704 3485; x_wconf 79' lang='lat' dir='ltr'>fecerit</span> <span class='ocrx_word' id='word_1_322' title='bbox 727 3410 845 3470; x_wconf 86' lang='lat' dir='ltr'>retinui.</span> <span class='ocrx_word' id='word_1_323' title='bbox 883 3407 925 3469; x_wconf 83' lang='lat' dir='ltr'>Cl.</span> <span class='ocrx_word' id='word_1_324' title='bbox 944 3406 1102 3467; x_wconf 90' lang='lat' dir='ltr'>Woellllin.</span> 
     </span>
     <span class='ocr_line' id='line_1_38' title="bbox 87 3494 1103 3577; baseline 0.001 -23"><span class='ocrx_word' id='word_1_325' title='bbox 87 3496 363 3577; x_wconf 61' lang='grc'><strong>3133131115233.</strong></span> <span class='ocrx_word' id='word_1_326' title='bbox 390 3530 431 3541; x_wconf 84' lang='grc'>-</span> <span class='ocrx_word' id='word_1_327' title='bbox 455 3494 595 3558; x_wconf 75' lang='grc'><strong>1136313</strong></span> <span class='ocrx_word' id='word_1_328' title='bbox 620 3499 833 3573; x_wconf 80' lang='lat' dir='ltr'>Marcelliano,</span> <span class='ocrx_word' id='word_1_329' title='bbox 862 3516 936 3577; x_wconf 88' lang='lat' dir='ltr'>qnae</span> <span class='ocrx_word' id='word_1_330' title='bbox 965 3497 1103 3557; x_wconf 84' lang='lat' dir='ltr'>adiectiri</span> 
     </span>
    </p>
   </div>
   <div class='ocr_carea' id='block_1_3' title="bbox 0 0 1212 3864">
    <p class='ocr_par' dir='ltr' id='par_1_3' title="bbox 0 0 1212 3864">
     <span class='ocr_line' id='line_1_39' title="bbox 0 0 1212 3864; baseline 0 0"><span class='ocrx_word' id='word_1_331' title='bbox 0 0 1212 3864; x_wconf 95' lang='lat' dir='ltr'> </span> 
     </span>
    </p>
   </div>
  </div>
 </body>
</html>
