2392 3854
216 138 381 198 SIDONIUS
400 138 608 195 VOLUSIANO
628 137 762 193 FRATRI
781 135 957 192 SALUTEM.
1030 135 1094 201 169

78 291 212 352 chralem
235 290 379 352 luctuosis
398 288 580 350 carminibus
599 286 772 349 inscribere.
796 285 935 348 celeriter
952 288 1095 347 iniunctis

79 379 299 461 obsecundabo,
317 398 384 440 cum
403 385 453 439 tna
471 384 583 439 tractus
602 379 786 457 anctoritate,
804 384 868 436 tum
890 375 1095 455 principaliter

79 470 258 549 amplissimi
279 471 336 529 viri
352 468 476 528 Victorii
494 468 612 528 comitis
631 466 785 527 devotione
804 471 991 546 praeventus,
1005 483 1094 544 quem

80 561 145 620 iure
176 557 323 619 saeculari
351 564 523 637 patronum,
552 558 618 616 iure
650 555 850 616 ecclesiastico
875 553 968 614 filium
991 553 1093 614 excolo

80 655 114 709 ut
137 647 241 728 cliens,
263 654 298 708 ut
320 654 405 725 pater
428 645 530 726 dilig03
562 647 613 723 qui
636 646 708 705 satis
731 644 840 725 docuit,
863 661 938 723 quae
962 648 1020 708 sibi
1043 660 1094 714 aut
1121 661 1135 701 5

81 736 177 816 qualis
201 754 272 816 erga
294 735 419 796 famulos
439 735 549 796 Christi
568 752 640 794 cura
657 734 794 815 ferveret,
813 753 880 796 cum
898 742 997 798 torum
1015 741 1094 801 circa

81 824 288 888 decumbentis
312 826 466 905 antistitis,
488 841 549 884 nou
573 822 746 901 dignitatem
769 826 867 884 mirms
891 843 979 904 quam
1001 846 1094 890 mem·

80 915 133 976 bra
158 922 297 976 curvatus
322 932 355 974 ac
379 932 469 992 supra
491 912 604 973 vultum
627 915 793 992 propinqua
816 921 912 974 morte
935 915 1094 994 pallentem

82 1004 182 1065 dolore
207 1002 347 1065 concolor
369 1003 473 1083 factus,
498 1001 568 1080 quid
587 1002 650 1061 viro
673 1001 769 1080 vellet,
792 1001 923 1063 lacrimis
946 1005 1094 1068 iudicibus

83 1093 262 1155 ostenderet,
317 1089 346 1152 2,
375 1098 405 1153 et
435 1092 504 1171 qnia
534 1090 593 1151 sibi
623 1092 766 1151 maximas
802 1092 944 1152 humandi
981 1094 1095 1157 funeris
1110 1107 1137 1147 1⁰

83 1189 182 1261 partes
205 1184 271 1262 ipsc
294 1183 471 1261 praeripuit,
494 1186 589 1240 totum
613 1186 755 1258 apparatu
778 1186 1017 1260 supercurrentis
1040 1187 1094 1245 im·

83 1272 182 1350 pendii
215 1270 295 1351 quod
326 1269 491 1331 funerando
525 1268 672 1329 sacerdoti
702 1276 885 1348 competeret
911 1272 1095 1354 impertienS,

87 1360 180 1420 saltim
201 1361 237 1420 ad
261 1358 438 1438 obsequium
462 1376 536 1436 qnae
560 1364 767 1418 remanserunt
793 1357 883 1419 verba
906 1360 1095 1443 conferimus,

86 1449 158 1509 nibil
181 1448 261 1510 aliud
285 1449 435 1509 exaraturi
458 1446 519 1506 stili
543 1446 702 1525 scalpentis
725 1449 873 1525 impressu
902 1466 989 1527 quam
1012 1453 1095 1510 testi-

86 1540 215 1600 moninm
233 1544 353 1598 mutuae
378 1536 553 1597 dilectionis.
587 1542 718 1596 ceterum
737 1537 794 1595 viri
816 1553 916 1596 mores
936 1545 1018 1616 gesta
1037 1541 1137 1599 vir-1⁵

90 1633 163 1688 tutes
200 1626 407 1706 indignissime
448 1642 583 1685 meorum
619 1623 730 1684 vilitate
768 1624 914 1685 dictorum
950 1627 1095 1705 pondera-

88 1713 201 1777 buntur.

148 1839 296 1901 Abrabam
319 1841 429 1900 sanctis
451 1840 559 1899 merito
583 1837 721 1898 sociande
744 1840 892 1919 patronis,

216 1948 291 2008 quos
314 1928 370 1989 tibi
393 1927 519 2008 collegas
544 1927 642 1987 dicere
666 1944 726 1986 non
749 1927 910 2010 trepidem,

150 2036 217 2078 nam
240 2020 284 2079 sic
307 2017 501 2097 praecedunt,
524 2023 558 2076 ut
580 2034 649 2076 mox
672 2023 771 2075 tamen
794 2017 857 2095 ipse
882 2037 1020 2098 sequare:

215 2107 265 2167 dat
287 2114 402 2186 partem
426 2107 511 2184 regni
533 2107 631 2184 portio
654 2107 797 2184 martyrii.

119 2203 235 2257 enatus
259 2195 296 2255 ad
319 2195 503 2274 Euphraten,
526 2213 580 2272 pro
604 2194 721 2255 Christo
746 2194 893 2272 ergastula
915 2213 1020 2273 passus

215 2291 247 2346 et
269 2282 482 2364 quinquennali
505 2282 620 2343 vincula
643 2282 707 2343 laxa
731 2284 820 2363 fame,

152 2373 267 2452 elapsus
290 2375 354 2452 regi
376 2372 545 2434 truculento
569 2370 684 2432 Susidis
708 2391 776 2433 orae

216 2463 373 2524 occiduum
395 2479 538 2541 properas
562 2461 642 2521 solus
666 2462 820 2541 adusque
844 2459 947 2520 solum.

154 2554 203 2613 sed
225 2553 427 2614 confessorem
450 2552 593 2612 virtutum
617 2553 700 2629 signa
723 2556 888 2630 sequuntur

112 2647 136 2696 10
218 2639 432 2721 spiritibusque
456 2639 541 2701 malis
565 2639 638 2722 fers,
662 2643 796 2719 fugitive,
820 2639 926 2717 fugam.

156 2748 266 2810 quaque
289 2731 387 2811 venis,
410 2729 571 2790 Lemurum
596 2747 627 2789 se
650 2731 756 2791 clamat
779 2727 884 2789 cedere
908 2727 1007 2807 turba,

217 2820 375 2879 daemonas
398 2823 443 2880 ire
466 2816 552 2880 iubes
575 2819 643 2879 exul
667 2822 698 2879 in
722 2817 851 2879 exilium.

158 2911 301 2987 expeteris
325 2911 453 2989 cunctiS,
477 2926 531 2968 nec
555 2915 584 2968 te
609 2910 687 2988 capit
709 2907 837 2967 ambitus
861 2904 952 2986 ullus3

217 2996 340 3057 esttibi
364 2997 477 3057 delatus
500 2996 567 3076 plus
591 3015 735 3058 onerosus
758 2997 860 3056 honor.

115 3087 139 3137 to
157 3081 311 3147 Romuleos
334 3087 446 3164 refugis
469 3085 704 3165 Byzantinosque
729 3086 861 3164 fragores

219 3182 306 3255 atque
332 3176 494 3253 sagittifero
518 3176 635 3234 moenia
658 3176 748 3235 fracta
772 3175 846 3234 Tite.

159 3278 255 3324 murus
278 3263 437 3324 Alexandri
459 3271 488 3324 te
511 3282 571 3324 non
594 3271 675 3324 tenet
698 3263 905 3344 Antiochiqne3

220 3355 336 3432 spernis
359 3352 490 3413 Elisseae
513 3352 633 3432 Byrsica
656 3359 733 3413 tecta
757 3353 869 3413 domus

166 3507 194 3554 11
211 3507 301 3560 totum
319 3522 340 3560 s.
361 3507 377 3560 l.
397 3507 460 3561 add.
480 3506 518 3560 M
519 3507 526 3537 ¹
542 3511 547 3578 Ι
564 3507 733 3578 apparatum
753 3505 812 3578 Ml
