2414 3864
419 96 571 152 CARMEN
589 97 622 152 V.

106 251 261 327 antiquum
284 249 426 308 mentitus
450 247 536 328 ehur3
559 253 628 327 post
650 253 735 308 caute
759 246 906 308 Laeonum

105 340 261 399 marmoris
284 336 405 397 herbosi
427 335 545 396 radians
569 338 724 397 interviret
746 337 829 397 ordo,

59 440 85 489 lo
104 445 176 505 ergo
198 432 232 487 ut
256 444 286 486 se
310 425 437 486 mediam
461 424 535 485 solio
559 425 655 506 dedit,
678 424 794 486 advolat
818 426 912 486 omnis

104 523 185 576 terra
208 514 304 576 simul.
350 521 414 574 tum
438 532 572 593 quaeque
596 532 666 574 snos
689 516 843 593 provincia
866 506 1027 576 fruooffli

105 607 255 684 exposuit:
279 604 337 664 lert
358 602 449 663 Indus
473 601 560 684 ebur,
583 601 747 664 Chaldaeus
771 621 933 685 amomum,

104 695 242 773 Assyrius
265 710 409 771 gemmas,
433 691 488 752 Ser
510 691 632 774 vellera,
655 699 722 752 tura
746 692 892 774 Sabaeos,

104 783 201 843 Atthis
223 781 296 862 mel,
318 780 450 841 Phoenix
473 779 599 862 palmas,
621 780 825 842 Lacedaemon
849 780 1044 847 olirurfllr

50 884 85 932 45
104 874 194 932 Arcas
218 888 324 950 equos,
347 869 456 948 Epirus
480 887 585 950 equas,
607 871 747 949 pecuaria
770 869 888 951 Gallus,

103 979 184 1021 arma
207 958 347 1040 Chalybs,
371 959 518 1019 frumenta
540 957 644 1040 Libys,
667 958 837 1039 Campanus
859 959 945 1022 laceh
978 961 1075 1024 Alma

103 1067 208 1110 aurum
230 1047 342 1129 Lydus,
365 1046 458 1108 Arabs
482 1053 610 1129 guttam,
632 1046 778 1108 Panchaia
801 1049 1045 1128 myrrhantb

103 1139 214 1199 Pontus
238 1144 385 1217 castorea,
407 1135 529 1197 blattam
552 1136 662 1217 Tyrus,
686 1155 755 1197 aera
777 1136 964 1216 Corinthus}
1030 1147 1036 1206 3

103 1228 240 1289 Sardinia
263 1232 430 1306 argentum,
454 1243 543 1286 nares
566 1225 707 1304 Hispania
730 1225 841 1307 delent,

50 1329 83 1377 5ο
103 1317 235 1378 fulminis
259 1322 289 1375 et
311 1314 451 1395 lapidem3
476 1314 613 1394 scopulos
636 1313 790 1376 iaculabile
815 1314 917 1394 fulgur

100 1406 180 1466 fucat
203 1411 233 1465 et
258 1421 413 1464 accensam
437 1402 551 1463 silicem
574 1403 699 1464 fecunda
722 1406 844 1464 maritat

102 1497 146 1555 ira
169 1495 270 1574 deum3
294 1493 430 1572 quotiens
454 1490 568 1553 caelum
592 1510 624 1552 se
648 1500 814 1553 commovet
838 1491 913 1575 illic,

103 1583 169 1663 plus
192 1582 235 1643 ibi
257 1589 337 1642 terra
360 1581 444 1641 valet.
491 1580 589 1642 subito
613 1581 688 1641 llens
711 1580 810 1641 rllrica
833 1584 936 1661 nigras

101 1671 259 1750 procubuit
282 1670 409 1731 lacerata
432 1688 522 1748 genas
546 1675 576 1730 et
600 1688 709 1731 cernua
732 1670 862 1730 frontem

50 1774 82 1822 55
103 1762 161 1821 iam
184 1760 259 1820 male
283 1759 424 1820 leoundas
446 1760 478 1818 in
501 1760 611 1819 vertice
635 1758 723 1838 lregit
746 1760 854 1820 aristas

103 1868 136 1909 ao
161 1851 203 1909 sic
227 1867 293 1909 orsa
316 1847 410 1927 loqui:
434 1843 532 1908 ‘venio
554 1866 624 1927 pars
647 1850 734 1909 tertia
757 1847 877 1930 mundi,

103 1937 206 1997 infelix
230 1935 315 1997 lelice
339 1955 407 1997 uno.
453 1936 561 1997 lamnla
584 1944 665 1998 satus
689 1937 760 1997 olim

102 2027 150 2086 hic
173 2025 283 2105 praedo
307 2032 337 2085 et
359 2025 487 2086 dominis
511 2028 650 2087 extinctis
672 2024 797 2086 barbara
822 2024 935 2087 dudum

104 2122 220 2194 sceptra
243 2122 325 2175 tenet
347 2114 453 2175 tellure
477 2133 542 2175 mea
564 2117 743 2195 penitusque
767 2114 867 2193 fugata

50 2218 83 2267 50
102 2203 254 2265 nobilitate
278 2204 380 2264 furens
404 2203 482 2282 qnod
506 2221 566 2263 non
590 2211 717 2264 estnon
740 2211 819 2264 amat
842 2203 973 2283 hospes,

102 2313 118 2354 o
142 2292 219 2353 Latii
242 2295 338 2371 sopite
361 2294 457 2372 vigor,
480 2300 530 2352 tua
552 2294 670 2353 moenia
693 2292 772 2352 ridet

101 2382 219 2442 insidiis
243 2384 369 2442 cessisse
394 2384 470 2441 suis:
493 2399 553 2441 non
576 2384 711 2442 concutis
734 2377 872 2442 hastam?

102 2490 161 2532 non
184 2489 239 2550 pro
262 2489 310 2531 me
333 2469 379 2530 vel
402 2477 487 2549 capta
510 2467 615 2530 doles?
651 2478 701 2531 tua
723 2487 832 2549 nempe
856 2475 1008 2548 putantur

103 2577 226 2638 surgere
249 2560 307 2619 lata
331 2559 416 2619 malis
440 2567 470 2619 et
493 2559 601 2619 celsior
625 2577 690 2620 esse
715 2562 809 2620 ruina.

49 2658 81 2709 65
103 2648 155 2709 sed
178 2647 298 2729 melius,
322 2647 400 2727 quod
423 2655 521 2708 terror
545 2647 617 2708 abit:
642 2651 699 2708 iam
722 2651 843 2708 vincere
867 2653 971 2724 restat,

102 2739 128 2797 si
151 2755 277 2818 pugnas,
300 2744 334 2797 ut
356 2739 432 2796 victa
456 2736 541 2796 soles.
587 2737 738 2798 Porsenna
761 2737 923 2816 superbum

101 2825 296 2905 Tarquinium
319 2828 477 2905 inpingens
501 2825 659 2905 complevit
681 2825 776 2887 milite
799 2825 898 2888 'lusco

101 2913 263 2975 Ianiculum
287 2914 451 2994 quondam;
475 2913 527 2974 sed
551 2914 620 2975 dnm
644 2933 839 2994 perrumpere
863 2922 958 2995 portas

101 3002 254 3064 obsidione
278 3010 377 3085 parat,
399 3009 491 3064 totam
514 3009 543 3063 te
566 3003 690 3082 pertulit
712 3023 772 3064 uno

81 3178 115 3228 38
135 3174 211 3245 post]
231 3175 266 3228 de
286 3174 312 3230 Τ
328 3178 338 3240 l
356 3178 391 3229 45
409 3173 494 3241 Libys
513 3175 604 3245 culpo,
623 3174 696 3230 libas
716 3176 793 3231 codd.
808 3179 817 3246 ΙΙ
836 3195 860 3232 3.
875 3180 912 3232 48
929 3165 1001 3230 carl

11 3245 20 3315 il
48 3249 81 3297 56
96 3250 161 3314 post
183 3243 262 3311 loqui
286 3247 349 3301 odd.
370 3246 414 3300 eet
434 3245 564 3307 dPTm
587 3247 633 3301 sed
655 3248 689 3315 cf.
710 3248 873 3318 Perprime.
892 3243 992 3315 Valet

15 3315 92 3372 Oaid.
107 3316 174 3371 Met.
190 3316 246 3384 IV,
260 3321 332 3386 320;
359 3317 456 3372 Claud.
472 3316 593 3384 XVIII,
607 3320 677 3386 391;
700 3318 775 3374 Acte.
791 3336 874 3375 carm.
889 3319 931 3386 Π,
941 3316 985 3373 240

13 3391 47 3441 58
66 3391 95 3442 et
117 3388 196 3442 malit
218 3389 305 3442 delere
327 3388 504 3457 Iacetjoltono
534 3390 543 3456 l
575 3394 609 3442 60
633 3406 648 3443 o
673 3406 737 3459 spes
765 3391 893 3446 Votieno.
912 3389 973 3446 3421

6 3465 41 3515 56
60 3477 118 3531 quo
139 3457 267 3533 OPTF,
286 3476 352 3516 cum
369 3463 473 3532 (quoru)
494 3459 768 3526 Guetofsaoetalriit
787 3461 822 3514 M
826 3462 877 3517 GT
888 3465 898 3532 l
