2414 3864
248 66 417 167 amonius
434 109 577 165 MONTIO
598 108 665 166 SUO
686 110 864 166 SALUTEM.
1022 111 1064 174 27

33 260 122 321 tuae
150 268 268 342 praeter
298 262 373 321 iuris
402 261 544 320 iniuriam
570 261 602 320 in
632 266 835 321 accusatorem
862 278 961 320 meum
990 278 1065 339 quae

36 344 118 408 ulo
148 345 296 411 scribam?
344 345 394 410 14.
423 348 459 408 ad
489 347 562 408 haec
592 351 655 429 ipse
686 349 847 410 Paeonium
878 350 1066 429 conspicatus

40 444 125 500 nutu
147 441 245 518 coepit
267 437 423 499 consulere
446 443 609 518 nutantem,
632 437 801 517 placeretne
825 437 971 499 condicio.
1013 437 1064 498 sed

43 540 118 588 tum
144 528 193 588 ille
217 527 359 589 confusus
383 528 554 587 reticuisset
580 528 780 607 princepsque
804 527 974 588 consuleret
997 545 1065 588 eru·

43 608 197 699 bescenti,
229 619 282 678 ait:
315 611 425 676 ‘annuo
448 614 617 697 postulatis,
646 618 672 676 si
698 616 755 676 hoc
778 618 877 695 ipsum
900 635 916 676 e
939 618 1065 695 vestigio
1092 633 1105 674 c
1151 645 1153 648 ·

46 706 183 767 versibus
211 701 316 786 petas'
362 699 445 785 ‘liat’,
474 707 608 785 inquam3
642 713 866 785 retrorsumque
895 723 1066 787 conversus,

47 795 199 875 tamquam
222 812 328 874 aquam
351 792 489 854 manibus
507 811 673 876 poscerem,
696 801 871 874 tantumque
890 800 1066 876 remoratus,

48 891 192 955 arantum
212 883 332 944 stibadii
351 882 496 944 circulum
515 882 675 943 celerantia
693 886 861 944 ministeria
877 890 1066 964 percurrunt,

48 969 182 1034 cubitum
201 980 267 1034 toro
286 972 411 1033 reddidi.
448 978 478 1032 et
496 974 670 1050 imperator:
693 968 907 1052 ‘spoponderas
925 980 955 1034 te
974 972 1065 1033 licen-

47 1056 120 1122 tiam
156 1061 331 1123 scribendae
369 1062 477 1122 satirae
513 1060 649 1122 versibus
687 1061 794 1122 subitis
826 1056 1065 1141 postulaturum?
1080 1079 1105 1119 ιο

48 1151 73 1203 et
100 1169 170 1232 ego:

117 1255 260 1319 ‘scribere
283 1276 330 1318 me
354 1259 476 1318 satiram
498 1259 550 1336 qui
573 1256 680 1338 culpat,
704 1259 830 1317 maxime
853 1259 1004 1336 princeps,

160 1348 236 1408 hanc
260 1365 332 1425 rogo
356 1346 499 1407 decernas
523 1353 573 1406 aut
595 1345 702 1425 probet
726 1353 776 1407 aut
799 1340 921 1406 timeat?

49 1461 99 1528 15.
126 1479 245 1533 secutus
269 1478 315 1533 est
337 1471 450 1552 fragor,
477 1472 538 1531 nisi
562 1470 640 1549 quod
668 1471 735 1531 dico
763 1471 902 1531 iactantia
926 1476 985 1551 est,
1011 1487 1066 1548 par

48 1549 220 1642 Camillano,
244 1579 332 1640 quem
358 1560 478 1639 quidem
501 1567 646 1621 nontam
669 1561 810 1620 carminis
829 1558 958 1638 dignitas
977 1576 1066 1638 quam
1080 1575 1105 1616 15

49 1645 193 1728 temporis
215 1650 346 1710 brevitas
369 1651 487 1710 meruit.
534 1656 563 1709 et
594 1650 749 1729 princeps:
781 1645 881 1708 ‘deum
913 1654 1008 1709 testor
1036 1654 1066 1707 et

50 1734 160 1799 statum
186 1738 340 1818 publicum
367 1757 414 1798 me
444 1738 480 1798 de
513 1745 613 1799 cetero
645 1755 807 1816 numquam
837 1736 1066 1816 prohibiturum,

51 1825 125 1894 tuin
147 1847 221 1907 quae
245 1827 318 1888 velis
340 1827 462 1908 scribas,
486 1829 595 1907 quippe
615 1845 683 1888 cum
701 1826 758 1887 tibi
776 1828 890 1886 crimen
904 1827 1065 1905 impactum

52 1916 170 1982 probari
192 1916 274 1978 nullo
298 1917 385 1977 modo
408 1919 516 1998 possit3
540 1914 630 1977 simul
653 1922 684 1976 et
705 1917 904 1995 periniurium
929 1921 975 1974 est
998 1932 1065 1975 sen-

53 2000 173 2065 tentiam
199 2008 358 2086 purpurati
385 2005 518 2066 tribuere
549 2006 673 2084 privatis
700 2005 756 2065 hoc
785 2003 1000 2084 simultatibuS,
1032 2010 1066 2063 ut
1080 2021 1105 2060 ao

54 2084 193 2156 innocens
222 2112 256 2156 ac
286 2112 392 2155 secura
418 2093 557 2154 nobilitas
584 2100 708 2173 propter
735 2093 802 2153 odia
829 2099 911 2153 certa
940 2094 1065 2152 crimine

56 2171 163 2244 incerto
186 2178 394 2263 periclitetur.'
441 2183 477 2243 ad
500 2183 576 2243 banc
599 2185 664 2262 ipse
688 2183 867 2242 sententiam
891 2199 959 2241 cum
983 2198 1065 2240 vere-

58 2272 146 2332 tunde
177 2275 274 2352 capite
304 2272 434 2333 demisso
463 2273 571 2351 gratias
599 2289 731 2352 agerem,
764 2270 977 2332 contionatoris
1005 2270 1065 2329 mei

10 2408 12 2419 .
61 2367 212 2439 coeperunt
235 2379 287 2422 ora
309 2360 434 2442 pallere,
462 2362 494 2421 in
518 2378 593 2439 quae
616 2359 703 2440 paulo
732 2367 799 2420 ante
823 2365 891 2438 post
914 2360 989 2419 iram
1013 2359 1065 2417 tri·

10 2444 12 2519 j
64 2445 135 2509 stitia
155 2457 353 2532 successerat3
376 2469 432 2511 nec
455 2452 527 2510 satis
546 2448 649 2530 deluit,
673 2451 745 2528 quin
764 2448 896 2527 gelarent
914 2454 1065 2525 tamquam
1080 2462 1107 2504 25

67 2530 96 2590 id
117 2547 244 2602 exertum
271 2539 416 2619 praebere
444 2540 576 2600 cervices
604 2539 686 2599 iussa
713 2555 896 2599 mucronem.
943 2532 995 2598 16.
1017 2537 1066 2595 vix

69 2632 125 2692 post
146 2628 215 2690 haec
243 2627 300 2689 alia
327 2646 433 2708 pauca:
461 2629 654 2688 surreximus.
699 2625 851 2706 paululum
879 2625 915 2686 ab
944 2631 1067 2704 aspectu

72 2705 238 2805 {inperatoris
270 2735 512 2796 processeramus
546 2723 633 2795 atque
663 2718 832 2777 etiamnunc
863 2713 1065 2793 chlamydibus

74 2799 354 2888 lssduebamur„cum
377 2805 451 2866 mibi
474 2805 578 2866 consul
606 2805 642 2865 ad
670 2813 788 2885 pectus,
816 2804 1006 2883 praefectorii
1030 2802 1066 2863 ad

76 2897 156 2954 manus
185 2895 305 2977 cadere,
336 2897 402 2974 ipse
434 2893 484 2954 ille
517 2913 587 2955 reus
616 2896 728 2955 amicus
760 2892 865 2954 crebro
894 2899 924 2953 et
952 2892 1065 2953 abiecte
1080 2910 1108 2950 ao

78 2976 261 3046 miserantibus
285 2985 402 3045 cunctis
431 2983 595 3064 humiliari,
627 2986 669 3044 ita
696 2992 729 3044 ut
751 2980 903 3064 timerem,
931 2999 968 3041 ne
992 2981 1067 3042 mihi

132 3192 195 3247 loo
212 3190 344 3262 princeps
365 3190 430 3260 qui?
452 3192 462 3260 ΙΙ
486 3196 519 3244 10
538 3189 642 3245 satirae
667 3189 813 3244 scribendo
835 3188 884 3257 011
909 3193 942 3241 18
961 3187 1066 3256 quippe

81 3255 136 3326 ⁰⁰³1]
151 3262 213 3330 quia
230 3265 325 3318 tecum
343 3263 370 3316 L
390 3264 395 3332 Ι
416 3261 522 3316 crimen
539 3261 695 3332 impactum
714 3278 764 3316 om.
779 3278 818 3330 sp.
834 3264 852 3315 8
870 3260 888 3313 l.
903 3277 927 3314 o.
942 3258 982 3325 L,
1007 3275 1027 3312 a.
1048 3258 1065 3311 l.

80 3319 128 3378 add·
141 3329 171 3384 T'
183 3339 191 3404 ll
204 3342 238 3391 26
257 3350 389 3388 mucrone
404 3351 474 3404 sequ.
490 3350 529 3402 ep.
545 3338 561 3388 1
577 3335 594 3388 l.
609 3351 632 3389 o.
648 3333 675 3386 L
688 3336 697 3400 l
711 3337 745 3386 27
765 3331 823 3385 alie
841 3346 932 3400 pauca
951 3345 997 3382 sur
1015 3345 1065 3383 om.

81 3399 109 3453 ΒΡ·
120 3400 148 3452 10
164 3405 179 3459 l.
194 3424 219 3462 o.
239 3406 266 3460 L
279 3409 289 3475 ll
303 3410 337 3459 30
356 3404 405 3459 ille
424 3421 502 3458 meus
520 3403 582 3476 ipse
604 3404 627 3462 Ο
640 3409 645 3476 l
660 3420 726 3461 reus
747 3403 855 3473 LNT,
869 3417 955 3456 meus
970 3398 1037 3452 mc
1055 3405 1083 3452 cb

82 3469 97 3508 ⁸·
110 3461 123 3516 l.
139 3475 190 3530 adq
209 3478 263 3544 11³⁹,
278 3479 314 3544 μβ
329 3475 355 3548 §
369 3481 390 3532 4
404 3475 463 3532 iam
482 3495 564 3536 reum
582 3477 730 3540 inveniet
753 3479 771 3557 ἕ
789 3480 823 3537 17
844 3474 965 3542 reabull
