2414 3864
297 151 466 210 SIDONIUS
484 150 638 208 DONIDIO
658 152 726 209 SUO
745 152 923 210 SALUTEM.
1072 155 1114 218 41

581 368 637 434 IX.

294 490 462 547 SIDONIUS
479 489 632 546 DONIDIO
653 490 720 546 SUO
742 491 921 548 SALUTEM.

56 594 64 615 ²
172 602 198 667 1.
222 605 361 686 Quaeris,
389 624 443 666 cur
469 608 534 685 ipse
561 605 737 684 iampridem
760 605 942 666 Nemausum
964 607 1115 685 proiectus

56 632 66 773 l
119 701 201 756 vostra
215 714 316 756 serum
331 693 368 754 ob
379 694 536 755 adventum
551 693 700 754 desideria
714 695 884 774 producam.
904 695 995 756 reddo
1011 714 1115 758 causas

123 782 217 845 reditus
248 784 390 845 tardioris
421 801 477 844 neo
507 801 605 843 moras
633 801 715 843 meas
742 784 869 863 prodere
897 801 1013 865 moror,
1046 788 1115 864 quia

56 884 65 987 p
126 874 275 944 quaemihi
298 872 395 934 dulcia
418 878 488 934 sunt
509 871 565 932 tibi
589 890 715 951 quoque.
756 875 836 933 inter
859 891 945 952 agros
969 877 1115 936 amoenis·
1143 889 1156 930 s

56 1020 58 1027 ,
125 959 209 1044 simos,
230 963 462 1024 humanissimos
486 960 635 1041 dominoS,
657 960 831 1023 Ferreolum
854 969 885 1022 et
907 962 1116 1046 Apollinarem,

125 1050 221 1129 tempus
244 1051 538 1130 voluptuosissimum
558 1052 651 1128 exegi
687 1050 878 1129 praediorum
895 1051 943 1112 hIs
962 1054 1027 1112 iura
1046 1072 1115 1114 cou-

120 1137 238 1222 termina,
257 1138 407 1201 domicilia
425 1141 530 1219 vicina,
550 1138 658 1218 quibus
675 1141 830 1200 interiecta
845 1142 969 1218 gestatio
984 1141 1115 1221 peditem

114 1215 195 1289 lassat
214 1247 312 1309 neque
336 1228 447 1289 sufficit
470 1231 647 1307 equitaturo.
684 1227 775 1288 colles
799 1227 921 1289 aedibus
945 1232 1115 1308 superiores

111 1322 282 1379 exercentur
299 1319 420 1378 vinitori
439 1325 469 1377 et
488 1317 629 1377 olivitori:
653 1317 851 1397 Aracynthum
875 1326 905 1379 et
925 1317 1043 1400 Nysam,
1067 1336 1155 1381 ce-1o

104 1387 214 1468 lehrata
236 1414 392 1487 poetarum
415 1406 597 1467 carminibus
621 1409 697 1487 iuga,
721 1425 852 1468 censeas.
888 1409 941 1468 uni
964 1407 1065 1469 domui
1083 1413 1115 1470 iu

102 1481 192 1555 plana
209 1498 408 1576 patentiaque,
427 1495 513 1556 alteri
531 1498 563 1555 in
581 1514 703 1556 nemora
721 1494 911 1578 prospectus3
936 1497 988 1557 sed
1008 1497 1114 1559 nibilo-

98 1576 203 1645 1ninus
225 1584 379 1646 dissimilis
403 1587 478 1646 situs
498 1583 635 1645 similiter
654 1584 789 1645 oblectat.
827 1582 855 1645 2.
881 1603 1059 1665 quamquam
1077 1588 1114 1649 de

97 1663 292 1735 praediorum
316 1673 387 1753 quid
410 1687 490 1734 nuno
513 1673 639 1752 amplius
664 1676 826 1755 positione,
855 1693 923 1735 cum
945 1682 1039 1736 restet
1061 1677 1114 1737 ho-

97 1752 271 1825 SDilalitatis
295 1763 368 1823 ordo
392 1758 593 1823 reserandus?
629 1764 687 1822 iam
710 1765 840 1843 primum
859 1767 1059 1844 sagacissimis
1082 1769 1155 1828 in1⁵

98 1819 166 1910 hoc
185 1851 419 1932 exploratoribus
443 1851 608 1932 destinatis,
632 1854 684 1930 qui
702 1852 816 1913 reditus
834 1856 931 1914 nostri
949 1856 1007 1914 iter
1026 1873 1114 1916 aucu-

100 1931 252 2022 ementur,
276 1941 382 2001 domus
404 1946 530 2020 utraque
553 1959 614 2001 non
633 1940 730 2001 solum
748 1943 883 2002 tramites
902 1961 1043 2022 aggerum
1060 1964 1114 2024 pu-

102 2002 248 2091 binorum
275 2047 380 2090 verum
407 2031 496 2090 etiam
524 2028 613 2090 calles
641 2030 825 2108 compendiis
852 2038 1003 2093 tortuosos
1027 2042 1114 2112 atque

106 2117 231 2183 pastoria
259 2117 439 2179 deverticula
467 2118 590 2200 insedit,
618 2137 655 2179 ne
685 2136 742 2197 quo
771 2137 842 2179 casu
870 2120 1022 2201 dispositis
1050 2123 1113 2182 offi-

108 2204 216 2269 ciorum
244 2207 362 2268 insidiis
390 2207 584 2268 elaberemur.
626 2225 699 2286 quas
726 2207 900 2291 incidimus,
927 2210 1034 2291 fateor,
1062 2211 1114 2271 sed
1129 2223 1155 2264 2⁰

108 2300 223 2358 minime
251 2299 337 2357 inviti
364 2299 469 2375 iusque
496 2296 655 2358 iurandum
682 2297 840 2357 confestim
867 2298 1011 2377 praebere
1035 2318 1114 2360 com-

106 2387 192 2467 pulsi,
215 2405 268 2467 ne,
291 2388 465 2465 priusquam
489 2392 604 2465 septem
627 2385 691 2445 dies
714 2385 932 2468 evolverentur,
956 2390 1114 2467 quicquam

106 2475 135 2537 dc
168 2477 288 2536 itineris
319 2477 416 2535 nostri
447 2477 669 2535 continuatione
698 2474 919 2536 meditaremur.
966 2474 995 2537 3.
1023 2479 1115 2556 igitur

105 2582 185 2626 nane
210 2564 359 2625 cotidiano
382 2563 517 2643 partibus
537 2582 628 2643 super
645 2563 762 2642 hospite
781 2565 876 2643 prima
895 2572 925 2626 et
943 2573 1025 2644 grata
1044 2586 1113 2627 cou-

101 2657 207 2734 tentio,
232 2670 377 2733 quaenam
399 2655 588 2732 potissimum
610 2655 744 2713 anterius
768 2651 905 2713 edulibus
928 2657 1039 2715 nostris
1063 2675 1113 2717 cu·
1128 2667 1154 2708 2⁵

100 2741 156 2804 lIna
181 2743 323 2823 fumaret,
346 2760 402 2802 nec
426 2760 496 2802 sane
519 2748 637 2821 poterat
659 2760 695 2801 ex
719 2759 813 2820 aequo
837 2742 977 2804 divisioni
999 2742 1114 2806 lancem

97 2850 210 2912 ponere
230 2830 413 2912 vicissitudo,
432 2830 502 2891 licet
520 2833 572 2891 uni
591 2830 693 2890 domui
710 2848 838 2911 mecum,
856 2830 943 2891 alteri
956 2851 1024 2893 cum
1037 2838 1113 2896 meis

97 2919 252 2982 vinculum
280 2919 357 2980 foret
385 2921 629 3002 propinquitatis,
657 2923 725 2997 quia
748 2917 888 2980 Ferreolo
917 2923 1113 2999 praefectorio

97 3013 161 3070 viro
189 3015 312 3088 praeter
339 3008 589 3069 necessitudinem
618 3007 676 3068 sibi
703 3006 832 3069 debitam
861 3008 948 3070 dabat
976 3019 1056 3073 aetas
1085 3021 1115 3073 et

96 3099 228 3178 dignitas
256 3099 347 3176 primi
374 3099 539 3158 invitatoris
568 3098 810 3176 praerogativam.
856 3095 886 3158 4.
910 3098 992 3160 illcet
1019 3119 1035 3161 a
1063 3101 1112 3161 de·
1127 3113 1154 3154 ³0

96 3187 176 3249 liciis
200 3189 233 3246 in
257 3185 378 3247 delicias
401 3185 598 3265 rapiebamur.
634 3188 683 3246 vix
707 3185 914 3266 quodcumque
932 3186 1113 3250 vestibulum

94 3280 257 3357 intratum,
281 3282 311 3335 et
333 3293 402 3335 ecce
425 3275 484 3336 buc
508 3275 739 3354 sphaeristarum
763 3279 1008 3338 contrastantium
1031 3280 1113 3356 paria

171 3452 206 3500 14
224 3447 313 3502 restet
328 3446 354 3499 L
372 3451 398 3502 ct
417 3450 497 3515 (corr.
513 3448 545 3502 in
562 3447 654 3502 restat
667 3446 723 3519 Ns)
731 3446 771 3517 N,
788 3448 884 3504 restat
898 3447 989 3505 Mor
1000 3450 1067 3519 lic
1080 3462 1130 3498 ne-

93 3519 174 3573 dibus
192 3517 242 3584 qui
260 3518 306 3584 Ol!
315 3522 350 3570 26
367 3517 541 3576 &tentemus
561 3521 589 3578 T
598 3524 610 3595 Η
625 3527 659 3579 32
679 3521 737 3581 huc
759 3523 977 3597 Inmlpobunmb
