<?xml version="1.0" encoding="UTF-8"?>
<!DOCTYPE html PUBLIC "-//W3C//DTD XHTML 1.0 Transitional//EN"
    "http://www.w3.org/TR/xhtml1/DTD/xhtml1-transitional.dtd">
<html xmlns="http://www.w3.org/1999/xhtml" xml:lang="en" lang="en">
 <head>
  <title>
</title>
<meta http-equiv="Content-Type" content="text/html;charset=utf-8" />
  <meta name='ocr-system' content='tesseract 3.04.00' />
  <meta name='ocr-capabilities' content='ocr_page ocr_carea ocr_par ocr_line ocrx_word'/>
</head>
<body>
  <div class='ocr_page' id='page_1' title='image "./csolliusapollin00apolgoog_0399.png"; bbox 0 0 2414 3864; ppageno 0'>
   <div class='ocr_carea' id='block_1_1' title="bbox 101 151 743 218">
    <p class='ocr_par' dir='ltr' id='par_1_1' title="bbox 101 151 743 218">
     <span class='ocr_line' id='line_1_1' title="bbox 101 151 743 218; baseline 0 -10"><span class='ocrx_word' id='word_1_1' title='bbox 101 153 169 218; x_wconf 83' lang='lat'><strong>346</strong></span> <span class='ocrx_word' id='word_1_2' title='bbox 474 151 627 208; x_wconf 70' lang='lat' dir='ltr'><strong>chanun</strong></span> <span class='ocrx_word' id='word_1_3' title='bbox 646 152 743 208; x_wconf 84' lang='lat' dir='ltr'>XXIII.</span> 
     </span>
    </p>
   </div>
   <div class='ocr_carea' id='block_1_2' title="bbox 193 301 1044 3318">
    <p class='ocr_par' dir='ltr' id='par_1_2' title="bbox 193 301 901 561">
     <span class='ocr_line' id='line_1_2' title="bbox 263 301 785 381; baseline 0.002 -19"><span class='ocrx_word' id='word_1_4' title='bbox 263 308 382 362; x_wconf 79' lang='lat' dir='ltr'><strong>exercet</strong></span> <span class='ocrx_word' id='word_1_5' title='bbox 405 301 600 381; x_wconf 92' lang='lat' dir='ltr'><strong>spatiantibus</strong></span> <span class='ocrx_word' id='word_1_6' title='bbox 624 302 785 381; x_wconf 80' lang='lat' dir='ltr'>quadrigis.</span> 
     </span>
     <span class='ocr_line' id='line_1_3' title="bbox 193 392 901 470; baseline 0 -17"><span class='ocrx_word' id='word_1_7' title='bbox 193 404 245 453; x_wconf 74' lang='grc'><strong>313</strong></span> <span class='ocrx_word' id='word_1_8' title='bbox 265 398 295 451; x_wconf 90' lang='lat' dir='ltr'><strong>et</strong></span> <span class='ocrx_word' id='word_1_9' title='bbox 317 393 376 451; x_wconf 91' lang='lat' dir='ltr'><strong>iam</strong></span> <span class='ocrx_word' id='word_1_10' title='bbox 399 398 429 452; x_wconf 91' lang='lat' dir='ltr'><strong>tc</strong></span> <span class='ocrx_word' id='word_1_11' title='bbox 452 409 527 452; x_wconf 92' lang='lat' dir='ltr'><strong>urna</strong></span> <span class='ocrx_word' id='word_1_12' title='bbox 549 392 625 470; x_wconf 88' lang='lat' dir='ltr'><strong>petit</strong></span> <span class='ocrx_word' id='word_1_13' title='bbox 647 393 765 470; x_wconf 86' lang='lat' dir='ltr'><strong>cietque</strong></span> <span class='ocrx_word' id='word_1_14' title='bbox 789 410 901 453; x_wconf 78' lang='lat' dir='ltr'><strong>raucae</strong></span> 
     </span>
     <span class='ocr_line' id='line_1_4' title="bbox 263 479 744 561; baseline 0 -21"><span class='ocrx_word' id='word_1_15' title='bbox 263 479 433 541; x_wconf 81' lang='lat' dir='ltr'><strong>acclamatio</strong></span> <span class='ocrx_word' id='word_1_16' title='bbox 458 480 580 540; x_wconf 88' lang='lat' dir='ltr'><strong>sibilans</strong></span> <span class='ocrx_word' id='word_1_17' title='bbox 604 497 744 561; x_wconf 74' lang='lat' dir='ltr'><strong>coronae,</strong></span> 
     </span>
    </p>

    <p class='ocr_par' dir='ltr' id='par_1_3' title="bbox 225 569 960 827">
     <span class='ocr_line' id='line_1_5' title="bbox 225 569 960 652; baseline 0.003 -23"><span class='ocrx_word' id='word_1_18' title='bbox 225 598 228 603; x_wconf 52' lang='grc'><strong>’</strong></span> <span class='ocrx_word' id='word_1_19' title='bbox 263 576 327 629; x_wconf 92' lang='lat' dir='ltr'><strong>tum</strong></span> <span class='ocrx_word' id='word_1_20' title='bbox 351 588 408 648; x_wconf 90' lang='lat' dir='ltr'><strong>qua</strong></span> <span class='ocrx_word' id='word_1_21' title='bbox 431 576 477 629; x_wconf 88' lang='lat' dir='ltr'><strong>est</strong></span> <span class='ocrx_word' id='word_1_22' title='bbox 500 571 587 629; x_wconf 91' lang='lat' dir='ltr'><strong>ianua</strong></span> <span class='ocrx_word' id='word_1_23' title='bbox 610 569 825 647; x_wconf 88' lang='lat' dir='ltr'><strong>consulumque</strong></span> <span class='ocrx_word' id='word_1_24' title='bbox 849 569 960 652; x_wconf 89' lang='lat' dir='ltr'><strong>sedes,</strong></span> 
     </span>
     <span class='ocr_line' id='line_1_6' title="bbox 265 657 872 737; baseline 0.002 -19"><span class='ocrx_word' id='word_1_25' title='bbox 265 657 358 718; x_wconf 91' lang='lat' dir='ltr'><strong>ambit</strong></span> <span class='ocrx_word' id='word_1_26' title='bbox 380 677 468 737; x_wconf 92' lang='lat' dir='ltr'><strong>quarn</strong></span> <span class='ocrx_word' id='word_1_27' title='bbox 490 659 590 737; x_wconf 91' lang='lat' dir='ltr'><strong>paries</strong></span> <span class='ocrx_word' id='word_1_28' title='bbox 613 660 764 736; x_wconf 86' lang='lat' dir='ltr'><strong>utrimque</strong></span> <span class='ocrx_word' id='word_1_29' title='bbox 788 659 872 719; x_wconf 87' lang='lat' dir='ltr'><strong>senis</strong></span> 
     </span>
     <span class='ocr_line' id='line_1_7' title="bbox 263 746 830 827; baseline -0.002 -20"><span class='ocrx_word' id='word_1_30' title='bbox 263 749 375 827; x_wconf 78' lang='lat' dir='ltr'><strong>cryptis</strong></span> <span class='ocrx_word' id='word_1_31' title='bbox 398 746 628 825; x_wconf 86' lang='lat' dir='ltr'><strong>carceribusque</strong></span> <span class='ocrx_word' id='word_1_32' title='bbox 652 746 830 827; x_wconf 81' lang='lat' dir='ltr'><strong>fornicatus,</strong></span> 
     </span>
    </p>

    <p class='ocr_par' dir='ltr' id='par_1_4' title="bbox 193 834 905 1274">
     <span class='ocr_line' id='line_1_8' title="bbox 193 834 801 915; baseline -0.005 -18"><span class='ocrx_word' id='word_1_33' title='bbox 193 847 245 898; x_wconf 81' lang='lat'><strong>320</strong></span> <span class='ocrx_word' id='word_1_34' title='bbox 263 854 323 896; x_wconf 92' lang='lat' dir='ltr'><strong>uno</strong></span> <span class='ocrx_word' id='word_1_35' title='bbox 347 854 362 896; x_wconf 93' lang='lat' dir='ltr'><strong>e</strong></span> <span class='ocrx_word' id='word_1_36' title='bbox 386 842 525 915; x_wconf 87' lang='lat' dir='ltr'><strong>quattuor</strong></span> <span class='ocrx_word' id='word_1_37' title='bbox 547 854 601 896; x_wconf 84' lang='lat' dir='ltr'><strong>axe</strong></span> <span class='ocrx_word' id='word_1_38' title='bbox 625 835 701 896; x_wconf 83' lang='lat' dir='ltr'><strong>forte</strong></span> <span class='ocrx_word' id='word_1_39' title='bbox 724 834 801 896; x_wconf 89' lang='lat' dir='ltr'><strong>lecto</strong></span> 
     </span>
     <span class='ocr_line' id='line_1_9' title="bbox 265 923 889 1004; baseline 0 -18"><span class='ocrx_word' id='word_1_40' title='bbox 265 943 370 986; x_wconf 89' lang='lat' dir='ltr'><strong>curvas</strong></span> <span class='ocrx_word' id='word_1_41' title='bbox 393 925 559 1004; x_wconf 80' lang='lat' dir='ltr'><strong>ingrederis</strong></span> <span class='ocrx_word' id='word_1_42' title='bbox 581 942 721 1003; x_wconf 91' lang='lat' dir='ltr'><strong>premens</strong></span> <span class='ocrx_word' id='word_1_43' title='bbox 744 923 889 986; x_wconf 89' lang='lat' dir='ltr'><strong>habenas.</strong></span> 
     </span>
     <span class='ocr_line' id='line_1_10' title="bbox 263 1012 798 1093; baseline -0.004 -19"><span class='ocrx_word' id='word_1_44' title='bbox 263 1014 293 1074; x_wconf 91' lang='lat' dir='ltr'><strong>id</strong></span> <span class='ocrx_word' id='word_1_45' title='bbox 317 1013 428 1093; x_wconf 86' lang='lat' dir='ltr'><strong>collega</strong></span> <span class='ocrx_word' id='word_1_46' title='bbox 452 1023 520 1075; x_wconf 88' lang='lat' dir='ltr'><strong>tuus</strong></span> <span class='ocrx_word' id='word_1_47' title='bbox 544 1012 691 1092; x_wconf 88' lang='lat' dir='ltr'><strong>simulque</strong></span> <span class='ocrx_word' id='word_1_48' title='bbox 714 1012 798 1073; x_wconf 84' lang='lat' dir='ltr'><strong>vobis</strong></span> 
     </span>
     <span class='ocr_line' id='line_1_11' title="bbox 264 1093 867 1185; baseline 0 -22"><span class='ocrx_word' id='word_1_49' title='bbox 264 1121 333 1182; x_wconf 94' lang='lat' dir='ltr'><strong>pars</strong></span> <span class='ocrx_word' id='word_1_50' title='bbox 357 1103 478 1164; x_wconf 84' lang='lat' dir='ltr'><strong>adversa</strong></span> <span class='ocrx_word' id='word_1_51' title='bbox 501 1103 583 1185; x_wconf 84' lang='lat' dir='ltr'><strong>lacit;</strong></span> <span class='ocrx_word' id='word_1_52' title='bbox 607 1104 718 1163; x_wconf 90' lang='lat' dir='ltr'><strong>micant</strong></span> <span class='ocrx_word' id='word_1_53' title='bbox 736 1093 867 1183; x_wconf 79' lang='lat' dir='ltr'><strong>colores,</strong></span> 
     </span>
     <span class='ocr_line' id='line_1_12' title="bbox 264 1191 905 1274; baseline 0 -22"><span class='ocrx_word' id='word_1_54' title='bbox 264 1191 348 1252; x_wconf 90' lang='lat' dir='ltr'><strong>albus</strong></span> <span class='ocrx_word' id='word_1_55' title='bbox 371 1192 417 1252; x_wconf 90' lang='lat' dir='ltr'><strong>vel</strong></span> <span class='ocrx_word' id='word_1_56' title='bbox 440 1199 572 1273; x_wconf 89' lang='lat' dir='ltr'><strong>venetus,</strong></span> <span class='ocrx_word' id='word_1_57' title='bbox 595 1194 695 1252; x_wconf 90' lang='lat' dir='ltr'><strong>virens</strong></span> <span class='ocrx_word' id='word_1_58' title='bbox 718 1191 905 1274; x_wconf 81' lang='lat' dir='ltr'><strong>rubensque,</strong></span> 
     </span>
    </p>

    <p class='ocr_par' dir='ltr' id='par_1_5' title="bbox 193 1282 877 1538">
     <span class='ocr_line' id='line_1_13' title="bbox 193 1282 877 1360; baseline 0.001 -19"><span class='ocrx_word' id='word_1_59' title='bbox 193 1292 245 1342; x_wconf 76' lang='lat' dir='ltr'><strong>aab</strong></span> <span class='ocrx_word' id='word_1_60' title='bbox 263 1289 362 1342; x_wconf 86' lang='lat' dir='ltr'><strong>vestra</strong></span> <span class='ocrx_word' id='word_1_61' title='bbox 384 1283 520 1360; x_wconf 89' lang='lat' dir='ltr'><strong>insignia.</strong></span> <span class='ocrx_word' id='word_1_62' title='bbox 566 1283 720 1341; x_wconf 88' lang='lat' dir='ltr'><strong>continent</strong></span> <span class='ocrx_word' id='word_1_63' title='bbox 742 1282 877 1342; x_wconf 92' lang='lat' dir='ltr'><strong>ministri</strong></span> 
     </span>
     <span class='ocr_line' id='line_1_14' title="bbox 264 1368 868 1448; baseline 0 -18"><span class='ocrx_word' id='word_1_64' title='bbox 264 1388 315 1430; x_wconf 92' lang='lat' dir='ltr'><strong>ora</strong></span> <span class='ocrx_word' id='word_1_65' title='bbox 339 1377 368 1430; x_wconf 89' lang='lat' dir='ltr'><strong>et</strong></span> <span class='ocrx_word' id='word_1_66' title='bbox 391 1370 453 1430; x_wconf 89' lang='lat' dir='ltr'><strong>lora</strong></span> <span class='ocrx_word' id='word_1_67' title='bbox 476 1388 581 1430; x_wconf 90' lang='lat' dir='ltr'><strong>manus</strong></span> <span class='ocrx_word' id='word_1_68' title='bbox 604 1368 748 1448; x_wconf 89' lang='lat' dir='ltr'><strong>iubasque</strong></span> <span class='ocrx_word' id='word_1_69' title='bbox 771 1376 868 1430; x_wconf 90' lang='lat' dir='ltr'><strong>tortas</strong></span> 
     </span>
     <span class='ocr_line' id='line_1_15' title="bbox 264 1457 769 1538; baseline -0.002 -18"><span class='ocrx_word' id='word_1_70' title='bbox 264 1466 373 1538; x_wconf 86' lang='lat' dir='ltr'><strong>cogunt</strong></span> <span class='ocrx_word' id='word_1_71' title='bbox 395 1457 544 1520; x_wconf 76' lang='lat' dir='ltr'><strong>flexilibus</strong></span> <span class='ocrx_word' id='word_1_72' title='bbox 567 1457 659 1520; x_wconf 88' lang='lat' dir='ltr'><strong>latere</strong></span> <span class='ocrx_word' id='word_1_73' title='bbox 682 1459 769 1519; x_wconf 91' lang='lat' dir='ltr'><strong>nodis</strong></span> 
     </span>
    </p>

    <p class='ocr_par' dir='ltr' id='par_1_6' title="bbox 219 1546 929 1717">
     <span class='ocr_line' id='line_1_16' title="bbox 219 1546 929 1627; baseline 0 -19"><span class='ocrx_word' id='word_1_74' title='bbox 219 1559 222 1567; x_wconf 84' lang='lat'>&#39;</span> <span class='ocrx_word' id='word_1_75' title='bbox 263 1548 478 1627; x_wconf 89' lang='lat' dir='ltr'><strong>hortanturque</strong></span> <span class='ocrx_word' id='word_1_76' title='bbox 501 1547 599 1608; x_wconf 90' lang='lat' dir='ltr'><strong>obiter</strong></span> <span class='ocrx_word' id='word_1_77' title='bbox 621 1551 781 1626; x_wconf 87' lang='lat' dir='ltr'><strong>iuvantque</strong></span> <span class='ocrx_word' id='word_1_78' title='bbox 805 1546 929 1608; x_wconf 90' lang='lat' dir='ltr'><strong>blandis</strong></span> 
     </span>
     <span class='ocr_line' id='line_1_17' title="bbox 264 1636 804 1717; baseline -0.002 -20"><span class='ocrx_word' id='word_1_79' title='bbox 264 1636 342 1698; x_wconf 91' lang='lat' dir='ltr'><strong>ultro</strong></span> <span class='ocrx_word' id='word_1_80' title='bbox 365 1636 518 1717; x_wconf 91' lang='lat' dir='ltr'><strong>plausibus</strong></span> <span class='ocrx_word' id='word_1_81' title='bbox 542 1643 572 1697; x_wconf 89' lang='lat' dir='ltr'><strong>et</strong></span> <span class='ocrx_word' id='word_1_82' title='bbox 594 1636 804 1717; x_wconf 89' lang='lat' dir='ltr'><strong>voluptuosum</strong></span> 
     </span>
    </p>

    <p class='ocr_par' dir='ltr' id='par_1_7' title="bbox 193 1723 910 2053">
     <span class='ocr_line' id='line_1_18' title="bbox 193 1723 856 1805; baseline -0.003 -18"><span class='ocrx_word' id='word_1_83' title='bbox 193 1738 245 1787; x_wconf 85' lang='grc'><strong>330</strong></span> <span class='ocrx_word' id='word_1_84' title='bbox 264 1726 377 1786; x_wconf 90' lang='lat' dir='ltr'><strong>dictant</strong></span> <span class='ocrx_word' id='word_1_85' title='bbox 400 1723 693 1805; x_wconf 88' lang='lat' dir='ltr'><strong>quadrupedantibus</strong></span> <span class='ocrx_word' id='word_1_86' title='bbox 716 1726 856 1787; x_wconf 84' lang='lat' dir='ltr'><strong>furorem.</strong></span> 
     </span>
     <span class='ocr_line' id='line_1_19' title="bbox 264 1809 910 1893; baseline 0.003 -19"><span class='ocrx_word' id='word_1_87' title='bbox 264 1814 308 1874; x_wconf 91' lang='lat' dir='ltr'><strong>illi</strong></span> <span class='ocrx_word' id='word_1_88' title='bbox 331 1815 367 1875; x_wconf 93' lang='lat' dir='ltr'><strong>ad</strong></span> <span class='ocrx_word' id='word_1_89' title='bbox 391 1814 518 1876; x_wconf 89' lang='lat' dir='ltr'><strong>claustra</strong></span> <span class='ocrx_word' id='word_1_90' title='bbox 541 1815 673 1876; x_wconf 87' lang='lat' dir='ltr'><strong>lrcmunt</strong></span> <span class='ocrx_word' id='word_1_91' title='bbox 695 1809 910 1893; x_wconf 80' lang='lat' dir='ltr'><strong>repagulisque</strong></span> 
     </span>
     <span class='ocr_line' id='line_1_20' title="bbox 264 1902 862 1983; baseline 0 -19"><span class='ocrx_word' id='word_1_92' title='bbox 264 1903 440 1964; x_wconf 91' lang='lat' dir='ltr'><strong>incumbunt</strong></span> <span class='ocrx_word' id='word_1_93' title='bbox 463 1902 552 1964; x_wconf 88' lang='lat' dir='ltr'><strong>simul</strong></span> <span class='ocrx_word' id='word_1_94' title='bbox 575 1923 609 1964; x_wconf 92' lang='lat' dir='ltr'><strong>ac</strong></span> <span class='ocrx_word' id='word_1_95' title='bbox 631 1922 686 1983; x_wconf 89' lang='lat' dir='ltr'><strong>per</strong></span> <span class='ocrx_word' id='word_1_96' title='bbox 709 1903 862 1964; x_wconf 89' lang='lat' dir='ltr'><strong>obseratas</strong></span> 
     </span>
     <span class='ocr_line' id='line_1_21' title="bbox 265 1992 896 2053; baseline -0.002 0"><span class='ocrx_word' id='word_1_97' title='bbox 265 1993 465 2053; x_wconf 84' lang='lat' dir='ltr'><strong>transfumant</strong></span> <span class='ocrx_word' id='word_1_98' title='bbox 486 1992 602 2053; x_wconf 88' lang='lat' dir='ltr'><strong>tabulas</strong></span> <span class='ocrx_word' id='word_1_99' title='bbox 625 2000 656 2053; x_wconf 92' lang='lat' dir='ltr'><strong>et</strong></span> <span class='ocrx_word' id='word_1_100' title='bbox 679 1999 746 2053; x_wconf 88' lang='lat' dir='ltr'><strong>ante</strong></span> <span class='ocrx_word' id='word_1_101' title='bbox 770 2010 896 2052; x_wconf 90' lang='lat' dir='ltr'><strong>cursum</strong></span> 
     </span>
    </p>

    <p class='ocr_par' dir='ltr' id='par_1_8' title="bbox 224 2080 851 2161">
     <span class='ocr_line' id='line_1_22' title="bbox 224 2080 851 2161; baseline -0.002 -20"><span class='ocrx_word' id='word_1_102' title='bbox 224 2080 227 2086; x_wconf 80' lang='lat'>&#39;</span> <span class='ocrx_word' id='word_1_103' title='bbox 265 2099 385 2161; x_wconf 89' lang='lat' dir='ltr'><strong>campus</strong></span> <span class='ocrx_word' id='word_1_104' title='bbox 409 2081 527 2142; x_wconf 87' lang='lat' dir='ltr'><strong>flatibus</strong></span> <span class='ocrx_word' id='word_1_105' title='bbox 550 2087 712 2160; x_wconf 91' lang='lat' dir='ltr'><strong>occupatur</strong></span> <span class='ocrx_word' id='word_1_106' title='bbox 734 2080 851 2141; x_wconf 90' lang='lat' dir='ltr'><strong>absens.</strong></span> 
     </span>
    </p>

    <p class='ocr_par' dir='ltr' id='par_1_9' title="bbox 194 2169 1044 2604">
     <span class='ocr_line' id='line_1_23' title="bbox 194 2169 1044 2255; baseline 0.002 -24"><span class='ocrx_word' id='word_1_107' title='bbox 194 2182 246 2231; x_wconf 82' lang='lat'><strong>335</strong></span> <span class='ocrx_word' id='word_1_108' title='bbox 265 2169 430 2252; x_wconf 90' lang='lat' dir='ltr'><strong>impellunt,</strong></span> <span class='ocrx_word' id='word_1_109' title='bbox 452 2170 610 2251; x_wconf 88' lang='lat' dir='ltr'><strong>trepidant,</strong></span> <span class='ocrx_word' id='word_1_110' title='bbox 633 2171 764 2250; x_wconf 92' lang='lat' dir='ltr'><strong>trahunt,</strong></span> <span class='ocrx_word' id='word_1_111' title='bbox 786 2180 976 2255; x_wconf 84' lang='lat' dir='ltr'><strong>repugnant,</strong></span> <span class='ocrx_word' id='word_1_112' title='bbox 1041 2234 1044 2239; x_wconf 72' lang='grc'><strong>,</strong></span> 
     </span>
     <span class='ocr_line' id='line_1_24' title="bbox 265 2259 890 2341; baseline -0.002 -21"><span class='ocrx_word' id='word_1_113' title='bbox 265 2259 432 2341; x_wconf 87' lang='lat' dir='ltr'><strong>ardescunt,</strong></span> <span class='ocrx_word' id='word_1_114' title='bbox 455 2259 573 2340; x_wconf 90' lang='lat' dir='ltr'><strong>saliunt,</strong></span> <span class='ocrx_word' id='word_1_115' title='bbox 596 2261 711 2340; x_wconf 90' lang='lat' dir='ltr'><strong>timent,</strong></span> <span class='ocrx_word' id='word_1_116' title='bbox 734 2261 890 2340; x_wconf 88' lang='lat' dir='ltr'><strong>timentur,</strong></span> 
     </span>
     <span class='ocr_line' id='line_1_25' title="bbox 265 2347 889 2429; baseline 0 -21"><span class='ocrx_word' id='word_1_117' title='bbox 265 2367 320 2409; x_wconf 87' lang='lat' dir='ltr'><strong>nec</strong></span> <span class='ocrx_word' id='word_1_118' title='bbox 343 2366 480 2427; x_wconf 89' lang='lat' dir='ltr'><strong>gressum</strong></span> <span class='ocrx_word' id='word_1_119' title='bbox 504 2348 652 2429; x_wconf 84' lang='lat' dir='ltr'><strong>cohibent,</strong></span> <span class='ocrx_word' id='word_1_120' title='bbox 675 2347 727 2408; x_wconf 91' lang='lat' dir='ltr'><strong>sed</strong></span> <span class='ocrx_word' id='word_1_121' title='bbox 751 2349 889 2426; x_wconf 90' lang='lat' dir='ltr'><strong>inquieto</strong></span> 
     </span>
     <span class='ocr_line' id='line_1_26' title="bbox 265 2435 835 2516; baseline -0.002 -19"><span class='ocrx_word' id='word_1_122' title='bbox 265 2437 402 2498; x_wconf 91' lang='lat' dir='ltr'><strong>duratum</strong></span> <span class='ocrx_word' id='word_1_123' title='bbox 425 2437 501 2516; x_wconf 88' lang='lat' dir='ltr'><strong>pede</strong></span> <span class='ocrx_word' id='word_1_124' title='bbox 525 2438 657 2516; x_wconf 89' lang='lat' dir='ltr'><strong>stipitem</strong></span> <span class='ocrx_word' id='word_1_125' title='bbox 680 2435 835 2516; x_wconf 85' lang='lat' dir='ltr'><strong>flagellant.</strong></span> 
     </span>
     <span class='ocr_line' id='line_1_27' title="bbox 264 2525 899 2604; baseline 0.002 -18"><span class='ocrx_word' id='word_1_126' title='bbox 264 2526 383 2587; x_wconf 91' lang='lat' dir='ltr'><strong>tandem</strong></span> <span class='ocrx_word' id='word_1_127' title='bbox 406 2545 559 2586; x_wconf 89' lang='lat' dir='ltr'><strong>murmure</strong></span> <span class='ocrx_word' id='word_1_128' title='bbox 582 2525 707 2586; x_wconf 85' lang='lat' dir='ltr'><strong>bucinae</strong></span> <span class='ocrx_word' id='word_1_129' title='bbox 732 2529 899 2604; x_wconf 89' lang='lat' dir='ltr'><strong>strepentis</strong></span> 
     </span>
    </p>

    <p class='ocr_par' dir='ltr' id='par_1_10' title="bbox 195 2613 888 3050">
     <span class='ocr_line' id='line_1_28' title="bbox 195 2613 888 2695; baseline 0.001 -19"><span class='ocrx_word' id='word_1_130' title='bbox 195 2627 246 2676; x_wconf 85' lang='grc'><strong>340</strong></span> <span class='ocrx_word' id='word_1_131' title='bbox 267 2633 426 2695; x_wconf 85' lang='lat' dir='ltr'><strong>suspensas</strong></span> <span class='ocrx_word' id='word_1_132' title='bbox 449 2614 570 2676; x_wconf 89' lang='lat' dir='ltr'><strong>tubicen</strong></span> <span class='ocrx_word' id='word_1_133' title='bbox 593 2632 701 2675; x_wconf 86' lang='lat' dir='ltr'><strong>vocans</strong></span> <span class='ocrx_word' id='word_1_134' title='bbox 725 2613 888 2693; x_wconf 87' lang='lat' dir='ltr'><strong>quadrigas</strong></span> 
     </span>
     <span class='ocr_line' id='line_1_29' title="bbox 266 2703 812 2764; baseline -0.004 0"><span class='ocrx_word' id='word_1_135' title='bbox 266 2704 391 2764; x_wconf 85' lang='lat' dir='ltr'><strong>effundit</strong></span> <span class='ocrx_word' id='word_1_136' title='bbox 414 2703 527 2764; x_wconf 89' lang='lat' dir='ltr'><strong>celeres</strong></span> <span class='ocrx_word' id='word_1_137' title='bbox 550 2706 581 2764; x_wconf 92' lang='lat' dir='ltr'><strong>in</strong></span> <span class='ocrx_word' id='word_1_138' title='bbox 604 2722 673 2764; x_wconf 89' lang='lat' dir='ltr'><strong>arva</strong></span> <span class='ocrx_word' id='word_1_139' title='bbox 696 2721 812 2764; x_wconf 89' lang='lat' dir='ltr'><strong>currus.</strong></span> 
     </span>
     <span class='ocr_line' id='line_1_30' title="bbox 264 2790 850 2873; baseline -0.005 -20"><span class='ocrx_word' id='word_1_140' title='bbox 264 2811 325 2853; x_wconf 94' lang='lat' dir='ltr'><strong>non</strong></span> <span class='ocrx_word' id='word_1_141' title='bbox 348 2796 391 2853; x_wconf 92' lang='lat' dir='ltr'><strong>sic</strong></span> <span class='ocrx_word' id='word_1_142' title='bbox 414 2792 548 2853; x_wconf 86' lang='lat' dir='ltr'><strong>fulminis</strong></span> <span class='ocrx_word' id='word_1_143' title='bbox 571 2795 700 2871; x_wconf 86' lang='lat' dir='ltr'><strong>impetus</strong></span> <span class='ocrx_word' id='word_1_144' title='bbox 722 2790 850 2873; x_wconf 89' lang='lat' dir='ltr'><strong>trisulci,</strong></span> 
     </span>
     <span class='ocr_line' id='line_1_31' title="bbox 265 2881 845 2962; baseline -0.005 -20"><span class='ocrx_word' id='word_1_145' title='bbox 265 2901 324 2942; x_wconf 90' lang='lat' dir='ltr'><strong>non</strong></span> <span class='ocrx_word' id='word_1_146' title='bbox 347 2881 432 2961; x_wconf 93' lang='lat' dir='ltr'><strong>pulsa</strong></span> <span class='ocrx_word' id='word_1_147' title='bbox 455 2882 592 2961; x_wconf 83' lang='lat' dir='ltr'><strong>Scythico</strong></span> <span class='ocrx_word' id='word_1_148' title='bbox 617 2883 722 2960; x_wconf 88' lang='lat' dir='ltr'><strong>sagitta</strong></span> <span class='ocrx_word' id='word_1_149' title='bbox 744 2899 845 2962; x_wconf 85' lang='lat' dir='ltr'><strong>nervo,</strong></span> 
     </span>
     <span class='ocr_line' id='line_1_32' title="bbox 265 2970 836 3050; baseline 0 -20"><span class='ocrx_word' id='word_1_150' title='bbox 265 2989 325 3031; x_wconf 94' lang='lat' dir='ltr'><strong>non</strong></span> <span class='ocrx_word' id='word_1_151' title='bbox 349 2971 448 3032; x_wconf 92' lang='lat' dir='ltr'><strong>sulcus</strong></span> <span class='ocrx_word' id='word_1_152' title='bbox 471 2971 573 3050; x_wconf 87' lang='lat' dir='ltr'><strong>rapide</strong></span> <span class='ocrx_word' id='word_1_153' title='bbox 597 2970 730 3031; x_wconf 86' lang='lat' dir='ltr'><strong>cadentis</strong></span> <span class='ocrx_word' id='word_1_154' title='bbox 754 2971 836 3050; x_wconf 86' lang='lat' dir='ltr'><strong>astri,</strong></span> 
     </span>
    </p>

    <p class='ocr_par' dir='ltr' id='par_1_11' title="bbox 195 3059 846 3318">
     <span class='ocr_line' id='line_1_33' title="bbox 195 3059 760 3120; baseline -0.002 0"><span class='ocrx_word' id='word_1_155' title='bbox 195 3070 246 3120; x_wconf 82' lang='lat'><strong>345</strong></span> <span class='ocrx_word' id='word_1_156' title='bbox 266 3077 325 3120; x_wconf 91' lang='lat' dir='ltr'><strong>non</strong></span> <span class='ocrx_word' id='word_1_157' title='bbox 348 3060 448 3120; x_wconf 83' lang='lat' dir='ltr'><strong>fundis</strong></span> <span class='ocrx_word' id='word_1_158' title='bbox 470 3059 642 3120; x_wconf 89' lang='lat' dir='ltr'><strong>Balearibus</strong></span> <span class='ocrx_word' id='word_1_159' title='bbox 666 3065 760 3119; x_wconf 92' lang='lat' dir='ltr'><strong>rotata</strong></span> 
     </span>
     <span class='ocr_line' id='line_1_34' title="bbox 264 3148 846 3228; baseline -0.002 -20"><span class='ocrx_word' id='word_1_160' title='bbox 264 3167 405 3228; x_wconf 90' lang='lat' dir='ltr'><strong>umquam</strong></span> <span class='ocrx_word' id='word_1_161' title='bbox 429 3151 472 3209; x_wconf 93' lang='lat' dir='ltr'><strong>sic</strong></span> <span class='ocrx_word' id='word_1_162' title='bbox 496 3148 624 3227; x_wconf 90' lang='lat' dir='ltr'><strong>liquidos</strong></span> <span class='ocrx_word' id='word_1_163' title='bbox 647 3148 709 3228; x_wconf 90' lang='lat' dir='ltr'><strong>poli</strong></span> <span class='ocrx_word' id='word_1_164' title='bbox 731 3154 846 3209; x_wconf 90' lang='lat' dir='ltr'><strong>meatus</strong></span> 
     </span>
     <span class='ocr_line' id='line_1_35' title="bbox 265 3236 843 3318; baseline 0.002 -22"><span class='ocrx_word' id='word_1_165' title='bbox 265 3241 346 3317; x_wconf 89' lang='lat' dir='ltr'><strong>rupit</strong></span> <span class='ocrx_word' id='word_1_166' title='bbox 368 3237 508 3318; x_wconf 91' lang='lat' dir='ltr'><strong>plumbea</strong></span> <span class='ocrx_word' id='word_1_167' title='bbox 530 3237 682 3317; x_wconf 90' lang='lat' dir='ltr'><strong>glandium</strong></span> <span class='ocrx_word' id='word_1_168' title='bbox 705 3236 843 3316; x_wconf 88' lang='lat' dir='ltr'><strong>procella.</strong></span> 
     </span>
    </p>
   </div>
   <div class='ocr_carea' id='block_1_3' title="bbox 90 3444 1096 3594">
    <p class='ocr_par' dir='ltr' id='par_1_12' title="bbox 90 3444 1096 3594">
     <span class='ocr_line' id='line_1_36' title="bbox 176 3444 1096 3524; baseline 0.008 -24"><span class='ocrx_word' id='word_1_169' title='bbox 176 3449 225 3500; x_wconf 80' lang='grc'><strong>321</strong></span> <span class='ocrx_word' id='word_1_170' title='bbox 246 3459 378 3516; x_wconf 89' lang='lat' dir='ltr'><strong>premens</strong></span> <span class='ocrx_word' id='word_1_171' title='bbox 396 3447 492 3518; x_wconf 74' lang='lat' dir='ltr'><strong>atalgo5</strong></span> <span class='ocrx_word' id='word_1_172' title='bbox 509 3444 631 3499; x_wconf 81' lang='lat' dir='ltr'><strong>fremens</strong></span> <span class='ocrx_word' id='word_1_173' title='bbox 650 3445 744 3511; x_wconf 83' lang='lat' dir='ltr'><strong>codd.;</strong></span> <span class='ocrx_word' id='word_1_174' title='bbox 762 3445 797 3512; x_wconf 71' lang='lat' dir='ltr'><strong>cf.</strong></span> <span class='ocrx_word' id='word_1_175' title='bbox 813 3444 885 3502; x_wconf 79' lang='lat' dir='ltr'><strong>Stat.</strong></span> <span class='ocrx_word' id='word_1_176' title='bbox 904 3449 997 3508; x_wconf 79' lang='lat' dir='ltr'><strong>Theb.</strong></span> <span class='ocrx_word' id='word_1_177' title='bbox 1019 3454 1096 3524; x_wconf 50' lang='grc' dir='ltr'><strong>ΠΛ</strong></span> 
     </span>
     <span class='ocr_line' id='line_1_37' title="bbox 90 3515 873 3594; baseline -0.006 -21"><span class='ocrx_word' id='word_1_178' title='bbox 90 3518 207 3591; x_wconf 86' lang='lat' dir='ltr'><strong>pressis</strong></span> <span class='ocrx_word' id='word_1_179' title='bbox 227 3517 419 3594; x_wconf 83' lang='lat' dir='ltr'><strong>duplicantur</strong></span> <span class='ocrx_word' id='word_1_180' title='bbox 434 3518 575 3586; x_wconf 50' lang='lat' dir='ltr'><strong>habehim</strong></span> <span class='ocrx_word' id='word_1_181' title='bbox 591 3515 694 3572; x_wconf 68' lang='lat' dir='ltr'><strong>Claud.</strong></span> <span class='ocrx_word' id='word_1_182' title='bbox 703 3515 778 3580; x_wconf 67' lang='lat' dir='ltr'><strong>n,</strong></span> <span class='ocrx_word' id='word_1_183' title='bbox 787 3519 873 3582; x_wconf 61' lang='lat' dir='ltr'><strong>toth</strong></span> 
     </span>
    </p>
   </div>
   <div class='ocr_carea' id='block_1_4' title="bbox 0 0 1216 3864">
    <p class='ocr_par' dir='ltr' id='par_1_13' title="bbox 0 0 1216 3864">
     <span class='ocr_line' id='line_1_38' title="bbox 0 0 1216 3864; baseline 0 0"><span class='ocrx_word' id='word_1_184' title='bbox 0 0 1216 3864; x_wconf 95' lang='lat' dir='ltr'><strong> </strong></span> 
     </span>
    </p>
   </div>
  </div>
 </body>
</html>
