2392 3854
99 162 164 227 868
458 237 461 245 Ι
505 160 659 216 cnnuuu
676 159 709 216 v.

188 329 249 371 non
272 329 420 391 pugnasse
442 310 534 371 labor.
579 312 706 371 terimus
729 327 783 370 cur
805 315 940 388 tempora
962 291 1124 367 verbis&

189 403 325 480 pervenit
348 407 378 460 et
400 395 512 460 vincit’
557 399 611 459 tali
635 416 771 459 sermone
794 405 950 477 peractum

190 489 358 570 concilium,
381 488 538 568 verbisque
563 488 636 548 deae
659 486 818 548 famulante
841 483 960 546 metallo

190 597 279 639 aurea
303 577 465 639 concordes
488 584 644 638 traxerunt
666 576 714 637 fila
737 593 866 636 sorores.

119 681 170 730 370
234 667 295 727 llos
319 685 375 748 me,
399 685 474 745 quos
498 668 603 747 cecini,
625 665 736 726 Romae
759 664 928 744 Libyaeque
951 661 1129 722 laboreffi

190 765 256 816 vota
278 756 433 816 hominum
456 755 584 816 docuere
608 754 703 836 loqui3
726 756 785 814 iam
808 759 928 832 tempus
952 751 987 811 ad
1007 749 1050 810 illa

191 846 270 905 ferre
293 844 409 924 pedem,
433 862 508 923 quae
532 844 618 905 landa
642 844 716 904 mihi
739 842 785 902 vel
809 841 944 921 Apolline
966 847 1129 900 muto:-

190 951 245 1012 pro
268 932 361 993 Musis
384 932 462 993 Mars
485 939 584 993 vester
607 936 673 994 erit.
719 930 934 992 conscenderat
956 929 1038 1008 Alpes

190 1021 411 1100 Raetorumque
435 1024 505 1100 iugo
527 1041 582 1100 per
604 1021 691 1100 longa
714 1020 833 1081 silentia
856 1019 963 1080 ductus

122 1123 173 1173 376
192 1110 325 1171 Romano
349 1113 462 1171 exierat
484 1110 623 1190 populato
646 1118 715 1171 trux
737 1109 918 1170 Alamannus

192 1218 305 1279 perque
330 1199 403 1260 Cani
426 1200 575 1279 quondam
598 1200 693 1261 dictos
716 1199 753 1259 de
776 1200 898 1258 nomine
922 1214 1037 1276 campos

191 1291 222 1349 in
246 1290 385 1368 praedam
410 1296 528 1349 centum
551 1291 654 1348 novies
677 1289 832 1348 dimiserat
853 1287 965 1347 hostes.

191 1380 309 1457 iamque
333 1380 475 1455 magister
498 1363 578 1438 eras}
601 1377 768 1438 Burconem
792 1376 897 1454 dirigis
921 1374 971 1435 illo

192 1469 297 1546 exigua
322 1469 481 1527 comitante
504 1485 602 1528 manu.
649 1466 701 1526 sed
725 1465 836 1526 sufficit
858 1465 948 1546 istud,

120 1568 172 1618 380
192 1574 260 1616 cum
283 1574 415 1635 pugnare
439 1554 539 1637 iubes,
563 1562 642 1616 certa
667 1561 712 1616 est
735 1556 858 1632 victoria
881 1555 993 1614 nostris

191 1653 220 1705 te
244 1645 400 1704 mandasse
424 1647 516 1724 acies3
540 1646 656 1723 peragit
678 1645 797 1704 fortuna
818 1643 1002 1722 triumphum

192 1751 252 1793 non
275 1733 395 1813 populo,
418 1727 470 1793 sed
494 1752 594 1794 amore
617 1741 683 1814 tu03
706 1732 774 1792 nolo
798 1734 916 1810 agmina
940 1748 1087 1810 campo⁷

192 1841 251 1900 quo
275 1824 368 1882 mittis
392 1840 510 1900 paucos.
556 1823 627 1882 felix
650 1830 679 1883 te
703 1823 827 1901 respicit
849 1823 908 1882 iste

192 1917 315 1971 eventus
339 1909 417 1970 belli.
464 1919 609 1972 certatum
634 1918 679 1971 est
702 1912 766 1971 iure
790 1912 937 1992 magistri,

122 2012 173 2061 385
193 1999 316 2078 Augusti
340 1999 399 2059 lato
424 2018 533 2078 nuper:
556 2007 624 2079 post
646 2000 741 2060 hostis
765 2005 868 2078 aperto

192 2087 310 2148 errabat
332 2087 430 2148 lentus
453 2087 566 2170 pelago,
592 2096 749 2169 postquam
773 2087 878 2148 ordine
901 2087 984 2148 vobis

192 2177 264 2237 ordo
288 2179 384 2236 omnis
408 2195 533 2256 regnum
557 2178 688 2258 dederat,
711 2176 805 2257 plebs,
829 2179 922 2257 curia,
944 2175 1042 2254 miles,

192 2274 222 2327 et
246 2266 357 2345 collega
382 2266 478 2327 simul.
524 2267 703 2346 Campanam
726 2265 866 2326 dantibus
891 2266 1005 2326 Austris

191 2356 362 2435 ingrediens
386 2362 497 2416 terram
521 2373 661 2416 securum
684 2355 778 2415 milite
801 2354 904 2415 Mauro

120 2460 172 2508 330
191 2444 350 2524 agricolam
374 2445 557 2525 aggreditur3
580 2447 700 2523 pinguis
723 2462 777 2523 per
799 2450 931 2505 transtra
954 2439 1069 2504 sedebat

191 2533 338 2595 Vandalus
362 2536 521 2613 opperiens
545 2533 694 2614 praedam,
718 2551 807 2612 quam
830 2535 959 2593 iusserat
979 2530 1046 2591 illuc

193 2626 308 2702 captivo
332 2626 467 2702 capiente
491 2622 577 2682 trabi.
624 2622 676 2705 sed
700 2629 798 2682 vestra
821 2630 945 2701 repente

191 2715 270 2772 inter
292 2719 452 2791 utrumque
475 2712 592 2772 hostem
615 2711 759 2771 dederant
782 2729 848 2770 sese
873 2713 988 2789 agmina
1008 2698 1090 2786 planis,

192 2820 267 2881 quac
291 2800 413 2880 pelagus
437 2800 601 2878 collemque
625 2806 727 2860 secant
749 2806 929 2878 portumque
951 2797 1058 2859 reducto

125 2903 176 2951 396
196 2891 330 2951 efficiunt
353 2890 432 2950 tlexu
456 2890 545 2950 fluvii.
592 2891 751 2968 perterrita
774 2890 905 2967 primum

191 2986 307 3038 montes
331 2978 417 3039 turba
441 2980 525 3059 petit,
547 2977 683 3038 trabibus
707 2996 781 3057 qnae
806 2977 905 3039 clausa
929 2975 1033 3038 relictis

190 3066 316 3146 praedae
340 3068 449 3146 praeda
472 3068 540 3148 suit,
563 3073 627 3127 tum
651 3069 785 3127 concitus
809 3069 926 3145 agmine
949 3071 1007 3126 toto

174 3241 226 3291 368
241 3237 402 3309 concilium]
418 3235 567 3291 concilium
582 3239 626 3291 est
641 3237 719 3305 erp
733 3243 784 3292 378
799 3238 891 3308 muto]
909 3237 955 3292 vel
967 3231 1036 3289 nullo
1049 3218 1088 3281 Tb

104 3309 405 3378 enumerasse
420 3308 545 3362 earmina
560 3307 744 3376 quodscribis
756 3307 842 3362 nnsis
858 3289 1091 3378 conponundi

101 3383 110 3452 ll
124 3386 176 3436 376
191 3377 270 3434 canis
279 3379 456 3452 Lindcnbroq
469 3381 479 3449 ll
492 3385 544 3433 378
559 3379 628 3434 illuc
642 3380 680 3434 M
681 3387 702 3448 ⁸,
716 3379 783 3434 illoc
797 3380 835 3434 Μ
837 3379 850 3414 b
864 3383 874 3450 ΙΙ
888 3385 940 3434 386
953 3357 1089 3448 postqum]

99 3451 185 3507 simul
207 3452 229 3508 C
239 3454 248 3522 ΙΙ
263 3454 313 3504 391
333 3450 393 3504 illic
412 3449 545 3521 Morsu
559 3456 611 3506 396
629 3451 745 3505 radibns
764 3453 794 3522 (i.
813 3469 834 3508 e.
854 3451 974 3520 ratibus)
990 3445 1028 3512 il,
1041 3436 1089 3510 itii·

88 3534 163 3586 recte
173 3528 187 3600 l!
