2414 3864
181 165 349 222 SIDONIUS
365 164 521 221 GELASIO
542 164 611 221 SUO
631 164 809 221 SALUTEM.

122 315 299 376 Severianus
323 316 380 376 ista
402 315 504 374 rhetor
527 315 629 395 altius,

123 404 193 464 Afer
216 404 354 482 vaferque
377 403 540 464 Domnulus
563 403 685 483 politius
692 451 701 484 7

123 492 375 571 scholasticusque
399 492 453 553 snb
477 491 700 553 rotundioribus

76 595 99 643 io
122 582 229 642 Petrus
253 581 389 642 Camenis
413 582 578 642 dictitasset
600 582 712 661 acrius,

125 670 295 750 epistularis
319 688 531 749 usquequaque
555 688 611 730 nec
635 669 720 730 stilus

121 762 218 819 virum
241 767 367 839 vetaret,
392 765 425 819 ut
448 758 593 838 stupenda
616 766 766 838 pangeret.

124 851 272 928 potuisset
294 850 350 908 ista
374 866 492 927 semper
514 848 664 908 efficacius

122 937 212 998 humo
236 944 323 1013 atque
347 944 434 1015 gente
458 943 557 997 cretus
580 938 611 996 in
635 935 788 1014 Ligustide

75 1041 97 1088 ÷5
122 1025 265 1087 Proculus
288 1024 412 1086 melodis
435 1027 573 1086 insonare
596 1022 731 1104 pulsibus

123 1114 229 1176 limans
252 1115 346 1175 faceta
370 1132 504 1193 quaeque
528 1116 571 1174 sic
594 1120 744 1194 poemata,

120 1204 264 1265 Venetam
287 1203 414 1264 lacessat
436 1210 469 1264 ut
491 1204 590 1264 lavore
613 1202 762 1263 Mantuam

121 1292 355 1371 Homericaeque
378 1311 432 1371 par
455 1294 571 1371 etipse
594 1290 718 1372 gloriae,

121 1389 202 1442 rotas
224 1380 354 1441 Maronis
378 1388 440 1441 arte
465 1389 581 1441 sectans
605 1381 744 1459 compari.

76 1555 99 1604 ,ο
167 1540 229 1620 Ego
249 1541 338 1601 corde
362 1547 392 1601 et
415 1559 466 1601 ore
489 1543 554 1601 inre
578 1539 767 1620 despicabilis

123 1631 194 1709 quid
217 1633 296 1690 inter
319 1629 408 1690 hosce
432 1637 462 1689 te
485 1636 607 1709 rogante
632 1631 774 1710 garriam,

121 1719 307 1798 loquacitatis
330 1718 544 1798 impudentiam
566 1717 695 1797 probans

123 1809 274 1886 animique
298 1815 365 1867 vota
388 1807 529 1868 destituta
552 1803 682 1867 litteris?

123 1897 176 1957 sed
200 1895 271 1976 qnid
293 1895 407 1974 negabo
431 1915 486 1956 nec
509 1896 622 1975 pudore
645 1892 793 1956 territus?

76 2000 99 2046 lo
124 2004 206 2045 amor
228 1987 334 2045 timere
357 1988 466 2046 nescit:
490 1985 559 2045 inde
582 1986 677 2064 parui.

76 2171 86 2223 '.
110 2165 231 2242 ignosce
250 2163 372 2223 desueta
390 2164 538 2241 repetenti
557 2171 644 2242 atque
660 2162 697 2222 ob
716 2163 837 2242 impleta
852 2181 926 2242 qnae
941 2166 1001 2223 ius-

95 2251 169 2312 nihil
193 2252 319 2330 amplius
343 2270 430 2330 quam
454 2253 584 2312 raritatis
608 2251 822 2330 indulgentiam
840 2252 1001 2330 praestola-

111 2349 243 2401 ceterum
267 2340 355 2421 mihi,
379 2343 405 2400 si
429 2340 536 2400 similia
559 2348 628 2419 post
651 2342 789 2422 iusseriS,
813 2358 870 2420 qno
895 2359 1001 2420 queam

79 2431 171 2508 magis
196 2429 377 2509 obseqmm,
401 2429 443 2489 sic
467 2428 586 2490 curabis
610 2429 647 2489 ad
669 2432 764 2490 vicem
788 2431 928 2489 carminis
951 2438 1002 2490 aut

76 2537 102 2579 re
127 2537 201 2597 quae
226 2526 342 2578 cantem
366 2525 416 2578 aut
440 2516 546 2579 saltare
571 2535 645 2597 quae
669 2519 789 2578 rideam.
826 2517 899 2578 vale.
1016 2532 1029 2572 5

76 2760 86 2797 ’.
100 2749 134 2798 46
154 2758 282 2811 quaeque
297 2760 346 2800 om.
363 2743 387 2798 0
396 2745 406 2812 ΙΙ
419 2761 445 2798 r.
460 2749 494 2796 49
514 2744 574 2796 arie
588 2744 700 2796 sectans
715 2742 778 2796 PF
789 2749 815 2798 el
831 2744 863 2798 io
876 2759 931 2798 ras.
946 2743 984 2796 M
986 2744 1003 2811 ¹,

76 2814 155 2884 ateO,
170 2816 246 2868 artet
260 2830 311 2868 axe
325 2816 365 2869 eal.
376 2815 588 2880 Eleae-oaorem,-
607 2831 646 2869 απ
660 2815 736 2867 ariel
748 2815 826 2868 arte?
839 2815 848 2880 ΙΙ
862 2831 886 2867 r.
902 2818 936 2866 52
951 2829 1002 2883 ap-

76 2903 110 2938 ns
129 2886 186 2941 Leo
199 2886 209 2953 l
222 2903 247 2939 v.
264 2889 298 2938 53
318 2884 455 2940 destituta
469 2885 615 2953 Simood„
634 2885 797 2940 destantula
812 2883 875 2952 oF,
895 2885 1003 2939 distent

76 2957 108 3026 P,
128 2956 205 3010 disat
223 2959 253 3025 (s.
274 2958 303 3009 ee
321 2958 384 3011 add.
403 2975 423 3009 n
441 2957 498 3026 nr)
517 2959 549 3010 nt
568 2958 637 3012 aM
646 2961 685 3022 113
705 2955 809 3011 similia
826 2959 891 3025 post
911 2956 935 3010 si
955 2956 1000 3040 0]

76 3027 143 3082 roris
166 3028 349 3083 Wilamowitz
363 3030 371 3097 ll
386 3033 403 3080 4
420 3032 512 3096 magis
530 3028 591 3082 fieri
611 3027 686 3097 OF}
703 3027 744 3081 sic
762 3027 874 3082 curabis
890 3029 959 3098 PF,
979 3046 1003 3082 s1

76 3096 101 3152 is
121 3099 145 3155 G
164 3104 190 3153 et
213 3103 294 3167 (corr.
313 3100 345 3153 in
368 3099 407 3153 sio
432 3097 542 3153 curabis
561 3100 680 3167 M¹)M;
709 3099 746 3152 sis
769 3099 881 3153 curabis
899 3100 1002 3171 Empel-

76 3174 93 3237 i,
114 3169 224 3225 scilicet
246 3169 358 3224 curabis
377 3171 568 3239 Mediolano,
590 3170 652 3240 ipse
676 3170 787 3225 curabis
810 3172 1003 3240 Wilamowc‘tz,

76 3239 152 3311 nbis,
172 3241 209 3295 ad
225 3258 252 3296 v.
271 3258 295 3296 c.
315 3243 365 3294 aul
382 3241 460 3297 dicta
479 3260 505 3310 q.
525 3258 547 3297 o.
568 3245 618 3295 aut
637 3243 710 3297 salla
729 3243 882 3298 Mommsen
894 3242 904 3312 ll
