2392 3854
266 148 435 207 SIDONIUS
455 149 608 207 GELASIO
629 150 697 206 SUO
718 149 895 206 SALUTEM.
1021 149 1088 217 231

71 304 145 357 rum
165 300 300 378 quisquis
322 300 365 360 ita
386 299 482 360 malus
505 307 560 381 est,
578 307 612 361 ut
634 298 786 378 intellegat
807 299 884 360 bene
904 301 1015 378 scripta
1033 319 1090 361 nec

69 381 183 452 lamen,
198 386 310 468 laudet,
337 387 417 449 hunc
446 387 519 449 boni
545 387 721 468 intellegunt
748 406 805 448 nec
831 395 930 449 tamen
958 388 1089 450 laudant.

68 461 104 529 9.
128 476 250 555 proinde
273 495 360 538 curas
383 484 449 538 tuas
473 476 529 537 hoc
547 485 629 538 metu
652 476 785 538 absolvo:
808 477 940 537 faventes
965 478 1089 538 audient

68 567 180 646 cuncti,
204 568 303 626 cuncti
326 566 468 648 foventes,
492 566 666 646 gaudiisque
690 583 766 644 quae
789 566 880 626 facies
903 569 1086 627 recreaturis

66 659 133 713 uua
162 655 303 715 fruemur.
348 672 417 715 nam
448 654 583 734 plerique
613 654 775 716 laudabunt
803 654 971 715 facundiam
993 663 1086 735 tuam,
1113 673 1128 713 a

67 736 193 809 plurimi
216 745 381 824 Ingenium,
409 745 465 804 toti
496 744 649 823 pudorem.
691 762 752 804 non
780 746 859 805 enim
882 746 983 804 minus
1007 744 1090 805 laudi

68 820 185 892 leretur
213 831 433 893 adulescentem
459 831 520 913 vel,
548 833 626 911 quod
656 840 702 893 est
729 832 896 913 pulchrius,
919 851 1013 912 paene
1038 834 1090 893 ad·

67 906 132 979 huc
158 938 286 1000 puerum
313 921 350 981 de
377 920 523 1000 palaestra
554 921 668 1000 publici
700 924 846 982 examinis
876 929 938 982 tam
971 941 1090 983 morum

68 1008 184 1071 referre
208 1010 348 1090 suffragia
372 1028 460 1089 quam
484 1009 659 1071 litterarum.
701 1004 786 1094 vale!

543 1254 615 1323 XV.

262 1374 431 1432 amemus
450 1375 601 1432 cunasxo
621 1374 689 1431 auo
710 1373 888 1429 saturnu.
1102 1392 1130 1431 ιο

140 1484 168 1548 1.
201 1487 312 1551 Probas
341 1483 453 1573 (neque
482 1484 641 1573 deprecor)
676 1507 723 1549 me
752 1489 932 1569 debquisse3
963 1488 1088 1571 deliqui,

72 1576 182 1655 quippe
210 1579 262 1656 qui
288 1578 416 1638 necdum
443 1582 563 1639 nomine
591 1587 643 1639 tuo
665 1576 741 1638 ullas
772 1580 856 1657 operi
883 1596 949 1638 meo
971 1578 1089 1639 litteras

72 1660 227 1726 iunxerim.
274 1666 327 1727 sed
355 1674 455 1727 tamen
479 1667 587 1728 scribis
610 1675 674 1728 tum
698 1667 777 1745 quod
801 1670 962 1727 erraverim
985 1669 1088 1728 venia-

73 1745 131 1812 bile
153 1754 230 1835 lore,
261 1756 288 1815 si
315 1754 392 1834 quod
426 1763 456 1816 et
482 1758 546 1834 ipse
576 1756 715 1817 decantes
743 1758 857 1816 mittam
882 1755 917 1816 ab
941 1755 1088 1838 exemplo,

74 1843 142 1917 quia
164 1842 279 1904 scilicet
301 1843 447 1905 Tonantio
470 1863 537 1905 meo
560 1845 595 1905 ad
615 1862 717 1924 parem
736 1863 855 1906 causam
878 1845 993 1906 futuras
1016 1848 1087 1907 usui
1101 1862 1128 1903 ra

77 1924 185 1992 litteras
207 1931 351 1993 bimetras
374 1935 517 1994 miserim.
563 1941 682 2012 praeter
709 1933 765 1994 boc
789 1937 925 2012 quereris
948 1936 1088 2014 paginam

79 2031 183 2101 meam,
213 2024 240 2081 si
269 2020 434 2082 resolvatur
456 2021 622 2104 inlusum,
651 2022 721 2082 solis
750 2021 1005 2103 hendecasyllabis
1027 2024 1087 2084 ire

83 2111 216 2181 quentari.
263 2110 381 2189 quade
405 2128 438 2170 re
460 2111 611 2172 trochaica
634 2111 806 2190 garrulitate
831 2130 976 2191 suspensa
1000 2130 1087 2173 sena-

83 2193 163 2256 riolos
189 2198 304 2278 aliquos
335 2199 403 2278 plus
435 2202 573 2279 requIris
615 2202 713 2260 servio
742 2202 898 2280 iniunctis3
930 2207 963 2260 tu
995 2200 1086 2260 modo

84 2278 203 2356 placidus
226 2289 365 2369 excipias,
389 2289 451 2348 sive
476 2288 552 2348 oden
570 2289 646 2348 banc
670 2292 765 2368 ipsam
783 2290 877 2348 maris
895 2307 1001 2349 vocare
1021 2291 1083 2349 sive
1098 2308 1128 2348 ao

87 2368 212 2453 eclogam.
248 2394 318 2436 nam
336 2384 465 2437 metrum
488 2375 540 2437 diu
563 2378 815 2456 infrequentatum
837 2377 941 2437 durius
964 2379 1086 2438 texitur.

246 2517 349 2599 Iubes,
372 2520 480 2599 amice,
502 2525 603 2580 nostra
626 2537 680 2598 per
703 2518 851 2578 volumina

202 2608 300 2668 modis
324 2607 451 2668 resultet
473 2606 691 2668 incitatioribus

202 2697 286 2757 ferox
311 2695 442 2777 iambus,
464 2703 499 2756 ut
521 2696 678 2756 trochaeus
701 2694 859 2777 hactenus,

202 2788 362 2865 pigrasque
385 2784 469 2863 bigas
494 2791 523 2844 et
546 2791 689 2864 quaterna
712 2790 847 2865 tempora

164 2885 179 2935 i
202 2874 352 2953 spondeus
376 2873 476 2954 addat,
499 2879 668 2934 utmorem
691 2871 860 2953 volucripes

201 2962 310 3024 babeat
331 2980 492 3043 parumper
516 2964 635 3022 insitam
658 2965 819 3044 trimetria,

10 3207 12 3211 ,
144 3152 159 3200 3
177 3151 294 3206 audient
310 3152 351 3207 ed.
371 3150 521 3219 Sirmoode',
539 3150 658 3204 audiunt
675 3152 752 3207 codd.
770 3154 780 3221 u
798 3156 815 3204 4
833 3152 1000 3207 remeaturis
1020 3153 1046 3208 0
1058 3159 1085 3209 et

10 3214 17 3264 l
86 3203 178 3278 (ΝΜ.
196 3225 228 3278 ia
246 3240 265 3275 u
279 3223 337 3291 M1)
344 3223 389 3290 M,
407 3224 583 3276 recreaturus
597 3223 666 3292 PF,
684 3222 854 3277 recitaturus
867 3225 958 3294 culpo,
975 3239 1085 3278 recrea-

10 3304 15 3363 ',
87 3273 312 3359 bswoamwitz
325 3297 334 3364 ΙΙ
348 3299 364 3347 6
378 3311 418 3348 an
431 3292 516 3346 laude
529 3293 729 3348 oellaudibua?
748 3294 926 3364 Incetp'oboaa
939 3298 949 3366 ΙΙ
963 3299 997 3348 20
1012 3293 1085 3348 acci·

10 3418 15 3431 ..
86 3358 137 3412 llll
154 3363 193 3437 01
208 3366 283 3419 oden
301 3365 491 3434 Iaetjoaaom,
514 3364 595 3417 odem
616 3364 714 3420 oFM
729 3373 755 3421 et
773 3369 802 3432 (a
819 3383 839 3421 a.
860 3368 876 3421 l.
896 3368 960 3421 odd.
976 3365 1060 3434 P¹)P
1073 3366 1086 3433 ll

10 3436 14 3517 [
85 3429 178 3560 lodltll
194 3438 234 3492 ed.
254 3435 466 3505 Elmotboratie',
489 3436 519 3489 et
536 3437 612 3491 codd.
635 3438 645 3505 ΙΙ
668 3454 693 3492 v.
710 3441 725 3489 6
745 3436 861 3492 insitam
879 3439 959 3509 culpo
964 3479 974 3506 ,
995 3436 1086 3490 insita.
