<?xml version="1.0" encoding="UTF-8"?>
<!DOCTYPE html PUBLIC "-//W3C//DTD XHTML 1.0 Transitional//EN"
    "http://www.w3.org/TR/xhtml1/DTD/xhtml1-transitional.dtd">
<html xmlns="http://www.w3.org/1999/xhtml" xml:lang="en" lang="en">
 <head>
  <title>
</title>
<meta http-equiv="Content-Type" content="text/html;charset=utf-8" />
  <meta name='ocr-system' content='tesseract 3.04.00' />
  <meta name='ocr-capabilities' content='ocr_page ocr_carea ocr_par ocr_line ocrx_word'/>
</head>
<body>
  <div class='ocr_page' id='page_1' title='image "./csolliusapollin00apolgoog_0199.png"; bbox 0 0 2414 3864; ppageno 0'>
   <div class='ocr_carea' id='block_1_1' title="bbox 140 99 798 202">
    <p class='ocr_par' dir='ltr' id='par_1_1' title="bbox 140 99 798 202">
     <span class='ocr_line' id='line_1_1' title="bbox 140 99 798 202; baseline -0.002 -1"><span class='ocrx_word' id='word_1_1' title='bbox 140 106 203 202; x_wconf 82' lang='grc'><strong>146</strong></span> <span class='ocrx_word' id='word_1_2' title='bbox 242 195 245 199; x_wconf 84' lang='grc'><em>,</em></span> <span class='ocrx_word' id='word_1_3' title='bbox 315 99 319 107; x_wconf 63' lang='grc'><strong>’</strong></span> <span class='ocrx_word' id='word_1_4' title='bbox 485 126 595 192; x_wconf 79' lang='lat' dir='ltr'><strong>arana</strong></span> <span class='ocrx_word' id='word_1_5' title='bbox 613 137 798 199; x_wconf 73' lang='lat' dir='ltr'><strong>sanamus,</strong></span> 
     </span>
    </p>
   </div>
   <div class='ocr_carea' id='block_1_2' title="bbox 209 353 1080 560">
    <p class='ocr_par' dir='ltr' id='par_1_2' title="bbox 209 353 1080 560">
     <span class='ocr_line' id='line_1_2' title="bbox 624 353 664 419; baseline 0.025 -1"><span class='ocrx_word' id='word_1_6' title='bbox 624 353 664 419; x_wconf 89' lang='lat' dir='ltr'><strong>V.</strong></span> 
     </span>
     <span class='ocr_line' id='line_1_3' title="bbox 209 473 1080 560; baseline 0.006 -30"><span class='ocrx_word' id='word_1_7' title='bbox 209 473 378 531; x_wconf 83' lang='lat' dir='ltr'>SIDONIUS</span> <span class='ocrx_word' id='word_1_8' title='bbox 396 475 541 531; x_wconf 87' lang='lat' dir='ltr'><strong>DOMINO</strong></span> <span class='ocrx_word' id='word_1_9' title='bbox 560 475 681 530; x_wconf 82' lang='lat' dir='ltr'>PAPAE</span> <span class='ocrx_word' id='word_1_10' title='bbox 699 474 1080 560; x_wconf 58' lang='grc'>11101110111111111.</span> 
     </span>
    </p>
   </div>
   <div class='ocr_carea' id='block_1_3' title="bbox 50 587 1174 2714">
    <p class='ocr_par' dir='ltr' id='par_1_3' title="bbox 136 587 1136 846">
     <span class='ocr_line' id='line_1_4' title="bbox 206 587 1136 668; baseline 0 -18"><span class='ocrx_word' id='word_1_11' title='bbox 206 588 234 650; x_wconf 91' lang='lat'><strong>1.</strong></span> <span class='ocrx_word' id='word_1_12' title='bbox 258 587 405 668; x_wconf 85' lang='lat' dir='ltr'><strong>Biturigas</strong></span> <span class='ocrx_word' id='word_1_13' title='bbox 429 589 549 650; x_wconf 92' lang='lat' dir='ltr'><strong>decreto</strong></span> <span class='ocrx_word' id='word_1_14' title='bbox 574 591 683 650; x_wconf 89' lang='lat' dir='ltr'><strong>civium</strong></span> <span class='ocrx_word' id='word_1_15' title='bbox 705 591 816 668; x_wconf 93' lang='lat' dir='ltr'><strong>petitus</strong></span> <span class='ocrx_word' id='word_1_16' title='bbox 832 589 961 668; x_wconf 85' lang='lat' dir='ltr'><strong>adveni:</strong></span> <span class='ocrx_word' id='word_1_17' title='bbox 984 609 1072 653; x_wconf 83' lang='lat' dir='ltr'><strong>eausa</strong></span> <span class='ocrx_word' id='word_1_18' title='bbox 1092 591 1136 652; x_wconf 88' lang='lat' dir='ltr'><strong>fuit</strong></span> 
     </span>
     <span class='ocr_line' id='line_1_5' title="bbox 137 677 1135 760; baseline 0.001 -22"><span class='ocrx_word' id='word_1_19' title='bbox 137 679 317 739; x_wconf 81' lang='lat' dir='ltr'><strong>evocationis</strong></span> <span class='ocrx_word' id='word_1_20' title='bbox 344 677 476 738; x_wconf 80' lang='lat' dir='ltr'><strong>titubans</strong></span> <span class='ocrx_word' id='word_1_21' title='bbox 505 677 647 739; x_wconf 89' lang='lat' dir='ltr'><strong>ecclesiae</strong></span> <span class='ocrx_word' id='word_1_22' title='bbox 675 685 783 760; x_wconf 88' lang='lat' dir='ltr'><strong>status,</strong></span> <span class='ocrx_word' id='word_1_23' title='bbox 811 696 887 757; x_wconf 88' lang='lat' dir='ltr'><strong>quae</strong></span> <span class='ocrx_word' id='word_1_24' title='bbox 915 698 1013 760; x_wconf 83' lang='lat' dir='ltr'><strong>nuper</strong></span> <span class='ocrx_word' id='word_1_25' title='bbox 1036 697 1135 742; x_wconf 89' lang='lat' dir='ltr'><strong>sumno</strong></span> 
     </span>
     <span class='ocr_line' id='line_1_6' title="bbox 136 766 1135 846; baseline 0.004 -20"><span class='ocrx_word' id='word_1_26' title='bbox 136 767 254 828; x_wconf 90' lang='lat' dir='ltr'><strong>viduata</strong></span> <span class='ocrx_word' id='word_1_27' title='bbox 276 767 416 845; x_wconf 88' lang='lat' dir='ltr'><strong>pontifice</strong></span> <span class='ocrx_word' id='word_1_28' title='bbox 439 768 595 846; x_wconf 90' lang='lat' dir='ltr'><strong>utriusque</strong></span> <span class='ocrx_word' id='word_1_29' title='bbox 613 767 808 846; x_wconf 81' lang='lat' dir='ltr'><strong>professionis</strong></span> <span class='ocrx_word' id='word_1_30' title='bbox 826 766 984 830; x_wconf 86' lang='lat' dir='ltr'><strong>ordinibus</strong></span> <span class='ocrx_word' id='word_1_31' title='bbox 1003 768 1135 830; x_wconf 87' lang='lat' dir='ltr'><strong>ambiendi</strong></span> 
     </span>
    </p>

    <p class='ocr_par' dir='ltr' id='par_1_4' title="bbox 50 846 1174 2714">
     <span class='ocr_line' id='line_1_7' title="bbox 110 846 1137 939; baseline 0.001 -23"><span class='ocrx_word' id='word_1_32' title='bbox 110 855 298 916; x_wconf 81' lang='lat' dir='ltr'><strong>ssa&#39;oerdotii</strong></span> <span class='ocrx_word' id='word_1_33' title='bbox 321 846 467 934; x_wconf 86' lang='lat' dir='ltr'><strong>quoddam</strong></span> <span class='ocrx_word' id='word_1_34' title='bbox 490 855 647 917; x_wconf 88' lang='lat' dir='ltr'><strong>classicum</strong></span> <span class='ocrx_word' id='word_1_35' title='bbox 671 858 786 916; x_wconf 89' lang='lat' dir='ltr'><strong>cecinit.</strong></span> <span class='ocrx_word' id='word_1_36' title='bbox 823 856 924 916; x_wconf 93' lang='lat' dir='ltr'><strong>fremit</strong></span> <span class='ocrx_word' id='word_1_37' title='bbox 946 857 1075 938; x_wconf 91' lang='lat' dir='ltr'><strong>populus</strong></span> <span class='ocrx_word' id='word_1_38' title='bbox 1095 875 1137 939; x_wconf 89' lang='lat' dir='ltr'><strong>per</strong></span> 
     </span>
     <span class='ocr_line' id='line_1_8' title="bbox 137 936 1174 1025; baseline 0.004 -21"><span class='ocrx_word' id='word_1_39' title='bbox 137 944 235 1005; x_wconf 91' lang='lat' dir='ltr'><strong>studia</strong></span> <span class='ocrx_word' id='word_1_40' title='bbox 258 944 383 1024; x_wconf 74' lang='lat' dir='ltr'><strong>divisus,</strong></span> <span class='ocrx_word' id='word_1_41' title='bbox 413 947 501 1022; x_wconf 94' lang='lat' dir='ltr'><strong>pauci</strong></span> <span class='ocrx_word' id='word_1_42' title='bbox 524 943 642 1025; x_wconf 93' lang='lat' dir='ltr'><strong>alteros,</strong></span> <span class='ocrx_word' id='word_1_43' title='bbox 668 944 755 1005; x_wconf 87' lang='lat' dir='ltr'><strong>multi</strong></span> <span class='ocrx_word' id='word_1_44' title='bbox 778 962 844 1005; x_wconf 93' lang='lat' dir='ltr'><strong>sese</strong></span> <span class='ocrx_word' id='word_1_45' title='bbox 867 963 928 1006; x_wconf 91' lang='lat' dir='ltr'><strong>non</strong></span> <span class='ocrx_word' id='word_1_46' title='bbox 953 946 1081 1008; x_wconf 85' lang='lat' dir='ltr'><strong>offerunt</strong></span> <span class='ocrx_word' id='word_1_47' title='bbox 1100 936 1135 1007; x_wconf 70' lang='lat' dir='ltr'><strong>sd</strong></span> <span class='ocrx_word' id='word_1_48' title='bbox 1172 958 1174 1025; x_wconf 94' lang='grc'><strong>1</strong></span> 
     </span>
     <span class='ocr_line' id='line_1_9' title="bbox 135 1031 1174 1113; baseline 0.006 -21"><span class='ocrx_word' id='word_1_49' title='bbox 135 1031 198 1093; x_wconf 91' lang='lat' dir='ltr'><strong>lum</strong></span> <span class='ocrx_word' id='word_1_50' title='bbox 221 1032 274 1092; x_wconf 87' lang='lat' dir='ltr'><strong>sed</strong></span> <span class='ocrx_word' id='word_1_51' title='bbox 296 1032 436 1093; x_wconf 90' lang='lat' dir='ltr'><strong>inferunt.</strong></span> <span class='ocrx_word' id='word_1_52' title='bbox 478 1035 505 1092; x_wconf 94' lang='lat' dir='ltr'><strong>si</strong></span> <span class='ocrx_word' id='word_1_53' title='bbox 528 1033 639 1112; x_wconf 93' lang='lat' dir='ltr'><strong>aliquid</strong></span> <span class='ocrx_word' id='word_1_54' title='bbox 659 1051 713 1113; x_wconf 92' lang='lat' dir='ltr'><strong>pro</strong></span> <span class='ocrx_word' id='word_1_55' title='bbox 732 1032 812 1093; x_wconf 91' lang='lat' dir='ltr'><strong>virili</strong></span> <span class='ocrx_word' id='word_1_56' title='bbox 829 1036 967 1112; x_wconf 89' lang='lat' dir='ltr'><strong>portione</strong></span> <span class='ocrx_word' id='word_1_57' title='bbox 987 1035 1134 1097; x_wconf 84' lang='lat' dir='ltr'><strong>secundom</strong></span> <span class='ocrx_word' id='word_1_58' title='bbox 1172 1038 1174 1099; x_wconf 78' lang='lat' dir='ltr'><strong>i</strong></span> 
     </span>
     <span class='ocr_line' id='line_1_10' title="bbox 136 1119 1134 1203; baseline 0.004 -22"><span class='ocrx_word' id='word_1_59' title='bbox 136 1121 225 1182; x_wconf 91' lang='lat' dir='ltr'><strong>deum</strong></span> <span class='ocrx_word' id='word_1_60' title='bbox 248 1119 384 1182; x_wconf 89' lang='lat' dir='ltr'><strong>consulas</strong></span> <span class='ocrx_word' id='word_1_61' title='bbox 407 1124 634 1203; x_wconf 88' lang='lat' dir='ltr'><strong>veritatemque,</strong></span> <span class='ocrx_word' id='word_1_62' title='bbox 663 1124 762 1182; x_wconf 91' lang='lat' dir='ltr'><strong>omnia</strong></span> <span class='ocrx_word' id='word_1_63' title='bbox 784 1129 947 1184; x_wconf 88' lang='lat' dir='ltr'><strong>occurrunt</strong></span> <span class='ocrx_word' id='word_1_64' title='bbox 974 1122 1134 1185; x_wconf 83' lang='lat' dir='ltr'><strong>levia.vario</strong></span> 
     </span>
     <span class='ocr_line' id='line_1_11' title="bbox 137 1203 1132 1294; baseline 0.005 -24"><span class='ocrx_word' id='word_1_65' title='bbox 137 1211 241 1291; x_wconf 87' lang='lat' dir='ltr'><strong>fucata,</strong></span> <span class='ocrx_word' id='word_1_66' title='bbox 266 1217 296 1270; x_wconf 90' lang='lat' dir='ltr'><strong>et</strong></span> <span class='ocrx_word' id='word_1_67' title='bbox 320 1203 407 1294; x_wconf 88' lang='lat' dir='ltr'><strong>(quid</strong></span> <span class='ocrx_word' id='word_1_68' title='bbox 426 1204 557 1293; x_wconf 75' lang='lat' dir='ltr'><strong>dicamf)</strong></span> <span class='ocrx_word' id='word_1_69' title='bbox 582 1209 644 1271; x_wconf 89' lang='lat' dir='ltr'><strong>sola</strong></span> <span class='ocrx_word' id='word_1_70' title='bbox 668 1209 793 1271; x_wconf 89' lang='lat' dir='ltr'><strong>estillic</strong></span> <span class='ocrx_word' id='word_1_71' title='bbox 812 1210 938 1290; x_wconf 82' lang='lat' dir='ltr'><strong>simplex</strong></span> <span class='ocrx_word' id='word_1_72' title='bbox 957 1213 1132 1292; x_wconf 82' lang='lat' dir='ltr'><strong>impudentia</strong></span> 
     </span>
     <span class='ocr_line' id='line_1_12' title="bbox 96 1297 1132 1381; baseline 0 -21"><span class='ocrx_word' id='word_1_73' title='bbox 96 1320 122 1360; x_wconf 87' lang='lat'><strong>10</strong></span> <span class='ocrx_word' id='word_1_74' title='bbox 136 1297 165 1360; x_wconf 75' lang='lat'><strong>2.</strong></span> <span class='ocrx_word' id='word_1_75' title='bbox 190 1306 220 1361; x_wconf 93' lang='lat' dir='ltr'><strong>et</strong></span> <span class='ocrx_word' id='word_1_76' title='bbox 241 1301 301 1359; x_wconf 90' lang='lat' dir='ltr'><strong>nisi</strong></span> <span class='ocrx_word' id='word_1_77' title='bbox 324 1317 371 1359; x_wconf 94' lang='lat' dir='ltr'><strong>me</strong></span> <span class='ocrx_word' id='word_1_78' title='bbox 394 1301 543 1359; x_wconf 91' lang='lat' dir='ltr'><strong>immerito</strong></span> <span class='ocrx_word' id='word_1_79' title='bbox 569 1301 654 1378; x_wconf 91' lang='lat' dir='ltr'><strong>queri</strong></span> <span class='ocrx_word' id='word_1_80' title='bbox 677 1299 857 1381; x_wconf 89' lang='lat' dir='ltr'><strong>iudicaretis,</strong></span> <span class='ocrx_word' id='word_1_81' title='bbox 885 1300 987 1362; x_wconf 85' lang='lat' dir='ltr'><strong>dicere</strong></span> <span class='ocrx_word' id='word_1_82' title='bbox 1010 1302 1132 1363; x_wconf 85' lang='lat' dir='ltr'><strong>auderem</strong></span> 
     </span>
     <span class='ocr_line' id='line_1_13' title="bbox 135 1387 1131 1470; baseline -0.002 -22"><span class='ocrx_word' id='word_1_83' title='bbox 135 1395 196 1448; x_wconf 91' lang='lat' dir='ltr'><strong>tam</strong></span> <span class='ocrx_word' id='word_1_84' title='bbox 226 1389 399 1468; x_wconf 86' lang='lat' dir='ltr'><strong>praecipitis</strong></span> <span class='ocrx_word' id='word_1_85' title='bbox 432 1389 523 1448; x_wconf 92' lang='lat' dir='ltr'><strong>animi</strong></span> <span class='ocrx_word' id='word_1_86' title='bbox 553 1406 619 1448; x_wconf 92' lang='lat' dir='ltr'><strong>esse</strong></span> <span class='ocrx_word' id='word_1_87' title='bbox 647 1387 805 1468; x_wconf 95' lang='lat' dir='ltr'><strong>plerosque</strong></span> <span class='ocrx_word' id='word_1_88' title='bbox 832 1396 952 1468; x_wconf 91' lang='lat' dir='ltr'><strong>tamque</strong></span> <span class='ocrx_word' id='word_1_89' title='bbox 981 1389 1131 1470; x_wconf 81' lang='lat' dir='ltr'><strong>periculosi,</strong></span> 
     </span>
     <span class='ocr_line' id='line_1_14' title="bbox 134 1476 1131 1559; baseline -0.001 -22"><span class='ocrx_word' id='word_1_90' title='bbox 134 1484 168 1537; x_wconf 91' lang='lat' dir='ltr'><strong>ut</strong></span> <span class='ocrx_word' id='word_1_91' title='bbox 206 1484 424 1538; x_wconf 89' lang='lat' dir='ltr'><strong>sacrosanctam</strong></span> <span class='ocrx_word' id='word_1_92' title='bbox 465 1476 566 1536; x_wconf 91' lang='lat' dir='ltr'><strong>sedem</strong></span> <span class='ocrx_word' id='word_1_93' title='bbox 607 1476 838 1557; x_wconf 81' lang='lat' dir='ltr'><strong>dignitatemque</strong></span> <span class='ocrx_word' id='word_1_94' title='bbox 878 1478 1017 1539; x_wconf 84' lang='lat' dir='ltr'><strong>affectare</strong></span> <span class='ocrx_word' id='word_1_95' title='bbox 1052 1479 1131 1559; x_wconf 89' lang='lat' dir='ltr'><strong>pretio</strong></span> 
     </span>
     <span class='ocr_line' id='line_1_15' title="bbox 135 1564 1128 1646; baseline 0.003 -22"><span class='ocrx_word' id='word_1_96' title='bbox 135 1564 232 1626; x_wconf 90' lang='lat' dir='ltr'><strong>oblato</strong></span> <span class='ocrx_word' id='word_1_97' title='bbox 256 1583 316 1626; x_wconf 91' lang='lat' dir='ltr'><strong>uon</strong></span> <span class='ocrx_word' id='word_1_98' title='bbox 340 1565 543 1646; x_wconf 83' lang='lat' dir='ltr'><strong>reformident,</strong></span> <span class='ocrx_word' id='word_1_99' title='bbox 568 1583 691 1645; x_wconf 91' lang='lat' dir='ltr'><strong>remque</strong></span> <span class='ocrx_word' id='word_1_100' title='bbox 714 1568 773 1626; x_wconf 92' lang='lat' dir='ltr'><strong>iam</strong></span> <span class='ocrx_word' id='word_1_101' title='bbox 796 1565 908 1627; x_wconf 91' lang='lat' dir='ltr'><strong>dudum</strong></span> <span class='ocrx_word' id='word_1_102' title='bbox 931 1569 964 1628; x_wconf 92' lang='lat' dir='ltr'><strong>iu</strong></span> <span class='ocrx_word' id='word_1_103' title='bbox 986 1568 1128 1643; x_wconf 86' lang='lat' dir='ltr'><strong>nundinam</strong></span> 
     </span>
     <span class='ocr_line' id='line_1_16' title="bbox 135 1656 1129 1735; baseline -0.003 -21"><span class='ocrx_word' id='word_1_104' title='bbox 135 1656 213 1714; x_wconf 93' lang='lat' dir='ltr'><strong>mitti</strong></span> <span class='ocrx_word' id='word_1_105' title='bbox 241 1656 466 1733; x_wconf 84' lang='lat' dir='ltr'><strong>auctionemque</strong></span> <span class='ocrx_word' id='word_1_106' title='bbox 493 1656 640 1735; x_wconf 91' lang='lat' dir='ltr'><strong>potuisse,</strong></span> <span class='ocrx_word' id='word_1_107' title='bbox 668 1656 706 1735; x_wconf 94' lang='lat' dir='ltr'><strong>si,</strong></span> <span class='ocrx_word' id='word_1_108' title='bbox 734 1672 823 1734; x_wconf 91' lang='lat' dir='ltr'><strong>quam</strong></span> <span class='ocrx_word' id='word_1_109' title='bbox 849 1662 971 1734; x_wconf 92' lang='lat' dir='ltr'><strong>paratus</strong></span> <span class='ocrx_word' id='word_1_110' title='bbox 999 1658 1129 1718; x_wconf 88' lang='lat' dir='ltr'><strong>invenitur</strong></span> 
     </span>
     <span class='ocr_line' id='line_1_17' title="bbox 95 1742 1129 1825; baseline -0.003 -22"><span class='ocrx_word' id='word_1_111' title='bbox 95 1762 121 1803; x_wconf 88' lang='lat'><strong>15</strong></span> <span class='ocrx_word' id='word_1_112' title='bbox 136 1750 260 1823; x_wconf 87' lang='lat' dir='ltr'><strong>emptor,</strong></span> <span class='ocrx_word' id='word_1_113' title='bbox 278 1743 415 1803; x_wconf 79' lang='lat' dir='ltr'><strong>venditor</strong></span> <span class='ocrx_word' id='word_1_114' title='bbox 428 1750 489 1803; x_wconf 86' lang='lat' dir='ltr'><strong>tam</strong></span> <span class='ocrx_word' id='word_1_115' title='bbox 508 1742 681 1821; x_wconf 90' lang='lat' dir='ltr'><strong>desperatus</strong></span> <span class='ocrx_word' id='word_1_116' title='bbox 698 1745 889 1805; x_wconf 90' lang='lat' dir='ltr'><strong>inveniretur.</strong></span> <span class='ocrx_word' id='word_1_117' title='bbox 926 1747 1016 1824; x_wconf 93' lang='lat' dir='ltr'><strong>proin</strong></span> <span class='ocrx_word' id='word_1_118' title='bbox 1030 1760 1129 1825; x_wconf 90' lang='lat' dir='ltr'><strong>quaeso,</strong></span> 
     </span>
     <span class='ocr_line' id='line_1_18' title="bbox 134 1832 1129 1914; baseline 0 -22"><span class='ocrx_word' id='word_1_119' title='bbox 134 1838 168 1892; x_wconf 90' lang='lat' dir='ltr'><strong>ut</strong></span> <span class='ocrx_word' id='word_1_120' title='bbox 195 1832 287 1892; x_wconf 89' lang='lat' dir='ltr'><strong>officii</strong></span> <span class='ocrx_word' id='word_1_121' title='bbox 313 1833 373 1891; x_wconf 92' lang='lat' dir='ltr'><strong>mei</strong></span> <span class='ocrx_word' id='word_1_122' title='bbox 400 1833 561 1892; x_wconf 92' lang='lat' dir='ltr'><strong>novitatem</strong></span> <span class='ocrx_word' id='word_1_123' title='bbox 587 1832 732 1910; x_wconf 92' lang='lat' dir='ltr'><strong>pudorem</strong></span> <span class='ocrx_word' id='word_1_124' title='bbox 760 1835 971 1894; x_wconf 89' lang='lat' dir='ltr'><strong>necessitatem</strong></span> <span class='ocrx_word' id='word_1_125' title='bbox 999 1839 1129 1914; x_wconf 82' lang='lat' dir='ltr'><strong>exspecta·</strong></span> 
     </span>
     <span class='ocr_line' id='line_1_19' title="bbox 50 1919 1129 2004; baseline -0.001 -25"><span class='ocrx_word' id='word_1_126' title='bbox 50 1984 53 1991; x_wconf 25' lang='lat'><strong>⁴</strong></span> <span class='ocrx_word' id='word_1_127' title='bbox 133 1921 244 1980; x_wconf 92' lang='lat' dir='ltr'><strong>tissimi</strong></span> <span class='ocrx_word' id='word_1_128' title='bbox 276 1919 418 1980; x_wconf 86' lang='lat' dir='ltr'><strong>adventus</strong></span> <span class='ocrx_word' id='word_1_129' title='bbox 450 1923 495 1980; x_wconf 91' lang='lat' dir='ltr'><strong>tui</strong></span> <span class='ocrx_word' id='word_1_130' title='bbox 527 1938 615 1980; x_wconf 91' lang='lat' dir='ltr'><strong>ornes</strong></span> <span class='ocrx_word' id='word_1_131' title='bbox 648 1920 856 2004; x_wconf 89' lang='lat' dir='ltr'><strong>coutubernio,</strong></span> <span class='ocrx_word' id='word_1_132' title='bbox 889 1924 1000 1983; x_wconf 91' lang='lat' dir='ltr'><strong>tuteris</strong></span> <span class='ocrx_word' id='word_1_133' title='bbox 1030 1920 1129 1984; x_wconf 90' lang='lat' dir='ltr'><strong>auxilio.</strong></span> 
     </span>
     <span class='ocr_line' id='line_1_20' title="bbox 135 2006 1128 2092; baseline -0.002 -22"><span class='ocrx_word' id='word_1_134' title='bbox 135 2006 164 2070; x_wconf 85' lang='lat'><strong>3.</strong></span> <span class='ocrx_word' id='word_1_135' title='bbox 188 2025 244 2068; x_wconf 92' lang='lat' dir='ltr'><strong>neo</strong></span> <span class='ocrx_word' id='word_1_136' title='bbox 266 2015 305 2088; x_wconf 90' lang='lat' dir='ltr'><strong>te,</strong></span> <span class='ocrx_word' id='word_1_137' title='bbox 330 2027 507 2088; x_wconf 90' lang='lat' dir='ltr'><strong>quamquam</strong></span> <span class='ocrx_word' id='word_1_138' title='bbox 527 2009 672 2070; x_wconf 89' lang='lat' dir='ltr'><strong>Senoniae</strong></span> <span class='ocrx_word' id='word_1_139' title='bbox 696 2016 784 2090; x_wconf 88' lang='lat' dir='ltr'><strong>caput</strong></span> <span class='ocrx_word' id='word_1_140' title='bbox 805 2028 846 2092; x_wconf 92' lang='lat' dir='ltr'><strong>es,</strong></span> <span class='ocrx_word' id='word_1_141' title='bbox 870 2012 950 2072; x_wconf 88' lang='lat' dir='ltr'><strong>iuter</strong></span> <span class='ocrx_word' id='word_1_142' title='bbox 966 2011 1040 2074; x_wconf 89' lang='lat' dir='ltr'><strong>haec</strong></span> <span class='ocrx_word' id='word_1_143' title='bbox 1058 2009 1128 2072; x_wconf 84' lang='lat' dir='ltr'><strong>dubio</strong></span> 
     </span>
     <span class='ocr_line' id='line_1_21' title="bbox 135 2094 1129 2185; baseline 0.003 -28"><span class='ocrx_word' id='word_1_144' title='bbox 135 2096 319 2157; x_wconf 85' lang='lat' dir='ltr'><strong>subtraxeris</strong></span> <span class='ocrx_word' id='word_1_145' title='bbox 342 2097 557 2160; x_wconf 91' lang='lat' dir='ltr'><strong>intentionibus</strong></span> <span class='ocrx_word' id='word_1_146' title='bbox 579 2098 734 2159; x_wconf 91' lang='lat' dir='ltr'><strong>medendis</strong></span> <span class='ocrx_word' id='word_1_147' title='bbox 754 2094 988 2183; x_wconf 83' lang='lat' dir='ltr'><strong>Aquitanorum,</strong></span> <span class='ocrx_word' id='word_1_148' title='bbox 1003 2103 1069 2185; x_wconf 81' lang='lat' dir='ltr'><strong>quia</strong></span> <span class='ocrx_word' id='word_1_149' title='bbox 1088 2098 1129 2160; x_wconf 89' lang='lat' dir='ltr'><strong>mi·</strong></span> 
     </span>
     <span class='ocr_line' id='line_1_22' title="bbox 94 2186 1130 2269; baseline 0 -21"><span class='ocrx_word' id='word_1_150' title='bbox 94 2207 121 2248; x_wconf 87' lang='grc' dir='ltr'><strong>1ο</strong></span> <span class='ocrx_word' id='word_1_151' title='bbox 134 2188 249 2247; x_wconf 91' lang='lat' dir='ltr'><strong>nimum</strong></span> <span class='ocrx_word' id='word_1_152' title='bbox 272 2187 377 2267; x_wconf 86' lang='lat' dir='ltr'><strong>refert,</strong></span> <span class='ocrx_word' id='word_1_153' title='bbox 406 2187 484 2266; x_wconf 92' lang='lat' dir='ltr'><strong>quod</strong></span> <span class='ocrx_word' id='word_1_154' title='bbox 511 2187 598 2248; x_wconf 91' lang='lat' dir='ltr'><strong>nobis</strong></span> <span class='ocrx_word' id='word_1_155' title='bbox 621 2194 666 2248; x_wconf 90' lang='lat' dir='ltr'><strong>est</strong></span> <span class='ocrx_word' id='word_1_156' title='bbox 689 2189 720 2247; x_wconf 92' lang='lat' dir='ltr'><strong>in</strong></span> <span class='ocrx_word' id='word_1_157' title='bbox 747 2186 929 2249; x_wconf 91' lang='lat' dir='ltr'><strong>habitatione</strong></span> <span class='ocrx_word' id='word_1_158' title='bbox 958 2189 1053 2251; x_wconf 91' lang='lat' dir='ltr'><strong>divisa</strong></span> <span class='ocrx_word' id='word_1_159' title='bbox 1077 2202 1130 2269; x_wconf 82' lang='lat' dir='ltr'><strong>pro</strong></span> 
     </span>
     <span class='ocr_line' id='line_1_23' title="bbox 133 2275 1174 2356; baseline 0.001 -21"><span class='ocrx_word' id='word_1_160' title='bbox 133 2278 240 2356; x_wconf 88' lang='lat' dir='ltr'><strong>vincia,</strong></span> <span class='ocrx_word' id='word_1_161' title='bbox 264 2275 380 2355; x_wconf 91' lang='lat' dir='ltr'><strong>quando</strong></span> <span class='ocrx_word' id='word_1_162' title='bbox 400 2277 432 2336; x_wconf 90' lang='lat' dir='ltr'><strong>in</strong></span> <span class='ocrx_word' id='word_1_163' title='bbox 454 2276 598 2354; x_wconf 85' lang='lat' dir='ltr'><strong>religione</strong></span> <span class='ocrx_word' id='word_1_164' title='bbox 617 2294 705 2336; x_wconf 86' lang='lat' dir='ltr'><strong>causa</strong></span> <span class='ocrx_word' id='word_1_165' title='bbox 724 2278 921 2355; x_wconf 83' lang='lat' dir='ltr'><strong>coniungitur.</strong></span> <span class='ocrx_word' id='word_1_166' title='bbox 958 2277 1007 2340; x_wconf 91' lang='lat' dir='ltr'><strong>his</strong></span> <span class='ocrx_word' id='word_1_167' title='bbox 1026 2277 1132 2353; x_wconf 81' lang='lat' dir='ltr'><strong>accedit,</strong></span> <span class='ocrx_word' id='word_1_168' title='bbox 1171 2338 1174 2353; x_wconf 39' lang='grc' dir='ltr'>Ι</span> 
     </span>
     <span class='ocr_line' id='line_1_24' title="bbox 75 2362 1174 2449; baseline 0 -24"><span class='ocrx_word' id='word_1_169' title='bbox 75 2431 78 2436; x_wconf 59' lang='grc'><strong>,</strong></span> <span class='ocrx_word' id='word_1_170' title='bbox 134 2364 213 2445; x_wconf 92' lang='lat' dir='ltr'><strong>quod</strong></span> <span class='ocrx_word' id='word_1_171' title='bbox 237 2364 273 2424; x_wconf 92' lang='lat' dir='ltr'><strong>de</strong></span> <span class='ocrx_word' id='word_1_172' title='bbox 301 2363 427 2426; x_wconf 91' lang='lat' dir='ltr'><strong>urbibus</strong></span> <span class='ocrx_word' id='word_1_173' title='bbox 450 2365 640 2444; x_wconf 85' lang='lat' dir='ltr'><strong>Aquitanicae</strong></span> <span class='ocrx_word' id='word_1_174' title='bbox 668 2366 781 2443; x_wconf 92' lang='lat' dir='ltr'><strong>primae</strong></span> <span class='ocrx_word' id='word_1_175' title='bbox 810 2364 906 2426; x_wconf 88' lang='lat' dir='ltr'><strong>sohrm</strong></span> <span class='ocrx_word' id='word_1_176' title='bbox 929 2368 1070 2446; x_wconf 91' lang='lat' dir='ltr'><strong>oppidum</strong></span> <span class='ocrx_word' id='word_1_177' title='bbox 1090 2366 1131 2426; x_wconf 77' lang='lat' dir='ltr'><strong>lr-</strong></span> <span class='ocrx_word' id='word_1_178' title='bbox 1162 2362 1174 2449; x_wconf 34' lang='lat'><strong>⁸!</strong></span> 
     </span>
     <span class='ocr_line' id='line_1_25' title="bbox 133 2452 1174 2545; baseline -0.002 -31"><span class='ocrx_word' id='word_1_179' title='bbox 133 2471 257 2514; x_wconf 90' lang='lat' dir='ltr'><strong>vernum</strong></span> <span class='ocrx_word' id='word_1_180' title='bbox 294 2452 494 2514; x_wconf 89' lang='lat' dir='ltr'><strong>Romanorum</strong></span> <span class='ocrx_word' id='word_1_181' title='bbox 530 2452 678 2533; x_wconf 93' lang='lat' dir='ltr'><strong>reliquum</strong></span> <span class='ocrx_word' id='word_1_182' title='bbox 714 2453 848 2532; x_wconf 90' lang='lat' dir='ltr'><strong>partibus</strong></span> <span class='ocrx_word' id='word_1_183' title='bbox 885 2452 964 2545; x_wconf 72' lang='lat' dir='ltr'><strong>bella</strong></span> <span class='ocrx_word' id='word_1_184' title='bbox 1002 2456 1131 2518; x_wconf 86' lang='lat' dir='ltr'><strong>fecerunt</strong></span> <span class='ocrx_word' id='word_1_185' title='bbox 1172 2476 1174 2481; x_wconf 95' lang='lat'>·</span> 
     </span>
     <span class='ocr_line' id='line_1_26' title="bbox 134 2542 1133 2625; baseline 0.001 -22"><span class='ocrx_word' id='word_1_186' title='bbox 134 2550 315 2623; x_wconf 91' lang='lat' dir='ltr'><strong>quapropter</strong></span> <span class='ocrx_word' id='word_1_187' title='bbox 338 2545 369 2602; x_wconf 93' lang='lat' dir='ltr'><strong>in</strong></span> <span class='ocrx_word' id='word_1_188' title='bbox 388 2543 594 2603; x_wconf 88' lang='lat' dir='ltr'><strong>constituendo</strong></span> <span class='ocrx_word' id='word_1_189' title='bbox 613 2542 762 2621; x_wconf 91' lang='lat' dir='ltr'><strong>praefatae</strong></span> <span class='ocrx_word' id='word_1_190' title='bbox 782 2544 908 2603; x_wconf 88' lang='lat' dir='ltr'><strong>civitatis</strong></span> <span class='ocrx_word' id='word_1_191' title='bbox 927 2545 1061 2606; x_wconf 88' lang='lat' dir='ltr'><strong>antistite</strong></span> <span class='ocrx_word' id='word_1_192' title='bbox 1077 2560 1133 2625; x_wconf 59' lang='lat' dir='ltr'><strong>pro‘</strong></span> 
     </span>
     <span class='ocr_line' id='line_1_27' title="bbox 93 2631 1132 2714; baseline 0.001 -22"><span class='ocrx_word' id='word_1_193' title='bbox 93 2652 120 2692; x_wconf 81' lang='grc'><strong>11</strong></span> <span class='ocrx_word' id='word_1_194' title='bbox 133 2631 303 2692; x_wconf 90' lang='lat' dir='ltr'><strong>vinoialium</strong></span> <span class='ocrx_word' id='word_1_195' title='bbox 326 2631 504 2711; x_wconf 85' lang='lat' dir='ltr'><strong>collegarum</strong></span> <span class='ocrx_word' id='word_1_196' title='bbox 528 2631 682 2692; x_wconf 91' lang='lat' dir='ltr'><strong>deficimur</strong></span> <span class='ocrx_word' id='word_1_197' title='bbox 705 2648 839 2712; x_wconf 70' lang='lat' dir='ltr'><strong>numero,</strong></span> <span class='ocrx_word' id='word_1_198' title='bbox 864 2633 924 2692; x_wconf 93' lang='lat' dir='ltr'><strong>nisi</strong></span> <span class='ocrx_word' id='word_1_199' title='bbox 945 2632 1132 2714; x_wconf 73' lang='lat' dir='ltr'><strong>metropolite</strong></span> 
     </span>
    </p>
   </div>
   <div class='ocr_carea' id='block_1_4' title="bbox 30 2774 1164 3564">
    <p class='ocr_par' dir='ltr' id='par_1_5' title="bbox 30 2774 1164 3564">
     <span class='ocr_line' id='line_1_28' title="bbox 206 2774 1138 2855; baseline 0.002 -17"><span class='ocrx_word' id='word_1_200' title='bbox 206 2790 221 2838; x_wconf 91' lang='lat'>1</span> <span class='ocrx_word' id='word_1_201' title='bbox 241 2786 317 2853; x_wconf 78' lang='lat' dir='ltr'><strong>epist.</strong></span> <span class='ocrx_word' id='word_1_202' title='bbox 338 2785 364 2839; x_wconf 86' lang='lat' dir='ltr'><strong><em>V</em></strong></span> <span class='ocrx_word' id='word_1_203' title='bbox 379 2787 493 2839; x_wconf 79' lang='lat' dir='ltr'><strong>initium</strong></span> <span class='ocrx_word' id='word_1_204' title='bbox 515 2801 599 2854; x_wconf 81' lang='lat' dir='ltr'><strong>osque</strong></span> <span class='ocrx_word' id='word_1_205' title='bbox 618 2785 656 2839; x_wconf 82' lang='lat' dir='ltr'><strong>od</strong></span> <span class='ocrx_word' id='word_1_206' title='bbox 672 2783 728 2855; x_wconf 76' lang='lat'><strong>§2</strong></span> <span class='ocrx_word' id='word_1_207' title='bbox 747 2788 874 2840; x_wconf 80' lang='lat' dir='ltr'><strong>sanetum</strong></span> <span class='ocrx_word' id='word_1_208' title='bbox 896 2784 995 2839; x_wconf 88' lang='lat' dir='ltr'><strong>sedem</strong></span> <span class='ocrx_word' id='word_1_209' title='bbox 1017 2803 1067 2843; x_wconf 71' lang='lat' dir='ltr'><strong>ooo</strong></span> <span class='ocrx_word' id='word_1_210' title='bbox 1084 2774 1138 2841; x_wconf 72' lang='lat' dir='ltr'><strong>tf</strong></span> 
     </span>
     <span class='ocr_line' id='line_1_29' title="bbox 30 2850 1136 2925; baseline 0.005 -18"><span class='ocrx_word' id='word_1_211' title='bbox 30 2864 32 2869; x_wconf 84' lang='lat'>&#39;</span> <span class='ocrx_word' id='word_1_212' title='bbox 139 2855 193 2908; x_wconf 83' lang='lat' dir='ltr'><strong>VT</strong></span> <span class='ocrx_word' id='word_1_213' title='bbox 207 2857 211 2923; x_wconf 92' lang='grc'><strong>1</strong></span> <span class='ocrx_word' id='word_1_214' title='bbox 228 2850 354 2923; x_wconf 84' lang='lat' dir='ltr'><strong>agroetio</strong></span> <span class='ocrx_word' id='word_1_215' title='bbox 369 2855 407 2908; x_wconf 88' lang='lat' dir='ltr'><strong><em>M</em></strong></span> <span class='ocrx_word' id='word_1_216' title='bbox 412 2855 470 2925; x_wconf 77' lang='grc' dir='ltr'><strong>ΟΡ,</strong></span> <span class='ocrx_word' id='word_1_217' title='bbox 489 2855 568 2922; x_wconf 64' lang='lat' dir='ltr'><strong>ageio</strong></span> <span class='ocrx_word' id='word_1_218' title='bbox 583 2856 613 2909; x_wconf 86' lang='lat' dir='ltr'><em>F</em></span> <span class='ocrx_word' id='word_1_219' title='bbox 625 2860 665 2921; x_wconf 77' lang='grc'><strong>112</strong></span> <span class='ocrx_word' id='word_1_220' title='bbox 683 2853 819 2910; x_wconf 81' lang='lat' dir='ltr'><strong>bituricas</strong></span> <span class='ocrx_word' id='word_1_221' title='bbox 832 2855 910 2911; x_wconf 85' lang='lat' dir='ltr'><strong>codd.</strong></span> <span class='ocrx_word' id='word_1_222' title='bbox 924 2858 964 2924; x_wconf 87' lang='grc'><strong>18</strong></span> <span class='ocrx_word' id='word_1_223' title='bbox 983 2857 1136 2913; x_wconf 83' lang='lat' dir='ltr'><strong>veritatem·</strong></span> 
     </span>
     <span class='ocr_line' id='line_1_30' title="bbox 135 2924 1138 2998; baseline 0.004 -21"><span class='ocrx_word' id='word_1_224' title='bbox 135 2941 188 2992; x_wconf 88' lang='lat' dir='ltr'><strong>que</strong></span> <span class='ocrx_word' id='word_1_225' title='bbox 206 2924 233 2992; x_wconf 82' lang='lat' dir='ltr'><strong>O,</strong></span> <span class='ocrx_word' id='word_1_226' title='bbox 251 2924 366 2979; x_wconf 85' lang='lat' dir='ltr'><strong>veritati</strong></span> <span class='ocrx_word' id='word_1_227' title='bbox 384 2939 465 2990; x_wconf 82' lang='lat' dir='ltr'><strong>(corr.</strong></span> <span class='ocrx_word' id='word_1_228' title='bbox 480 2943 514 2982; x_wconf 78' lang='lat' dir='ltr'><strong>eoo</strong></span> <span class='ocrx_word' id='word_1_229' title='bbox 531 2925 736 2994; x_wconf 83' lang='lat' dir='ltr'><strong>veritatemque</strong></span> <span class='ocrx_word' id='word_1_230' title='bbox 755 2932 787 2981; x_wconf 83' lang='lat' dir='ltr'><strong>ut</strong></span> <span class='ocrx_word' id='word_1_231' title='bbox 803 2943 827 2981; x_wconf 86' lang='lat' dir='ltr'><strong>o.</strong></span> <span class='ocrx_word' id='word_1_232' title='bbox 847 2927 881 2978; x_wconf 94' lang='lat' dir='ltr'><em>M</em></span> <span class='ocrx_word' id='word_1_233' title='bbox 885 2926 952 2994; x_wconf 83' lang='grc' dir='ltr'><strong>1)11Ι</strong></span> <span class='ocrx_word' id='word_1_234' title='bbox 954 2927 1020 2983; x_wconf 84' lang='lat' dir='ltr'><strong>PF</strong></span> <span class='ocrx_word' id='word_1_235' title='bbox 1030 2932 1039 2998; x_wconf 87' lang='grc'><strong>1</strong></span> <span class='ocrx_word' id='word_1_236' title='bbox 1055 2934 1086 2984; x_wconf 89' lang='lat'><strong>10</strong></span> <span class='ocrx_word' id='word_1_237' title='bbox 1102 2926 1138 2981; x_wconf 90' lang='grc'><strong>11·</strong></span> 
     </span>
     <span class='ocr_line' id='line_1_31' title="bbox 134 2991 1141 3067; baseline 0.007 -20"><span class='ocrx_word' id='word_1_238' title='bbox 134 2993 235 3049; x_wconf 87' lang='lat' dir='ltr'><strong>merito</strong></span> <span class='ocrx_word' id='word_1_239' title='bbox 254 3011 298 3049; x_wconf 88' lang='lat' dir='ltr'><strong>me</strong></span> <span class='ocrx_word' id='word_1_240' title='bbox 319 2996 362 3065; x_wconf 81' lang='lat' dir='ltr'><strong>oq</strong></span> <span class='ocrx_word' id='word_1_241' title='bbox 377 3003 409 3050; x_wconf 89' lang='grc'><strong>13</strong></span> <span class='ocrx_word' id='word_1_242' title='bbox 428 3013 543 3065; x_wconf 85' lang='lat' dir='ltr'><strong>remque</strong></span> <span class='ocrx_word' id='word_1_243' title='bbox 561 2998 627 3052; x_wconf 84' lang='lat' dir='ltr'><strong>LN</strong></span> <span class='ocrx_word' id='word_1_244' title='bbox 630 2998 662 3066; x_wconf 85' lang='lat' dir='ltr'><strong>T,</strong></span> <span class='ocrx_word' id='word_1_245' title='bbox 682 3000 711 3050; x_wconf 90' lang='lat' dir='ltr'><strong>et</strong></span> <span class='ocrx_word' id='word_1_246' title='bbox 729 3013 788 3051; x_wconf 85' lang='lat' dir='ltr'><strong>rem</strong></span> <span class='ocrx_word' id='word_1_247' title='bbox 807 2996 890 3064; x_wconf 80' lang='grc'>1101</span> <span class='ocrx_word' id='word_1_248' title='bbox 908 3001 942 3050; x_wconf 78' lang='lat'><strong>15</strong></span> <span class='ocrx_word' id='word_1_249' title='bbox 961 2999 1079 3067; x_wconf 86' lang='lat' dir='ltr'><strong>proinde</strong></span> <span class='ocrx_word' id='word_1_250' title='bbox 1098 2991 1141 3063; x_wconf 71' lang='lat' dir='ltr'><strong>Ol</strong></span> 
     </span>
     <span class='ocr_line' id='line_1_32' title="bbox 135 3066 1142 3141; baseline 0.005 -22"><span class='ocrx_word' id='word_1_251' title='bbox 135 3072 168 3121; x_wconf 85' lang='grc'><strong>16</strong></span> <span class='ocrx_word' id='word_1_252' title='bbox 183 3066 417 3134; x_wconf 83' lang='lat' dir='ltr'><strong>exspectatissimi</strong></span> <span class='ocrx_word' id='word_1_253' title='bbox 426 3069 612 3138; x_wconf 73' lang='lat' dir='ltr'><strong>Iacetjoborm,</strong></span> <span class='ocrx_word' id='word_1_254' title='bbox 626 3066 827 3138; x_wconf 85' lang='lat' dir='ltr'><strong>spectatissimi</strong></span> <span class='ocrx_word' id='word_1_255' title='bbox 836 3068 1005 3138; x_wconf 80' lang='lat' dir='ltr'><strong>LMTCF,</strong></span> <span class='ocrx_word' id='word_1_256' title='bbox 1018 3072 1142 3141; x_wconf 73' lang='lat' dir='ltr'><strong>spectaro·</strong></span> 
     </span>
     <span class='ocr_line' id='line_1_33' title="bbox 132 3135 1145 3213; baseline 0.003 -23"><span class='ocrx_word' id='word_1_257' title='bbox 132 3135 236 3190; x_wconf 87' lang='lat' dir='ltr'><strong>tissimi</strong></span> <span class='ocrx_word' id='word_1_258' title='bbox 254 3139 349 3206; x_wconf 80' lang='grc' dir='ltr'>Ρ117</span> <span class='ocrx_word' id='word_1_259' title='bbox 364 3146 429 3209; x_wconf 82' lang='lat' dir='ltr'><strong>post</strong></span> <span class='ocrx_word' id='word_1_260' title='bbox 446 3140 584 3194; x_wconf 83' lang='lat' dir='ltr'><strong>adventus</strong></span> <span class='ocrx_word' id='word_1_261' title='bbox 602 3139 645 3193; x_wconf 91' lang='lat' dir='ltr'><strong>tui</strong></span> <span class='ocrx_word' id='word_1_262' title='bbox 663 3141 696 3194; x_wconf 83' lang='lat' dir='ltr'><strong>e&#39;o</strong></span> <span class='ocrx_word' id='word_1_263' title='bbox 713 3140 820 3194; x_wconf 69' lang='lat' dir='ltr'><strong>Nuntii</strong></span> <span class='ocrx_word' id='word_1_264' title='bbox 838 3142 895 3195; x_wconf 86' lang='lat' dir='ltr'><strong>cod.</strong></span> <span class='ocrx_word' id='word_1_265' title='bbox 913 3141 980 3195; x_wconf 81' lang='lat' dir='ltr'><strong>boec</strong></span> <span class='ocrx_word' id='word_1_266' title='bbox 998 3143 1064 3213; x_wconf 76' lang='lat' dir='ltr'><strong>leqi:</strong></span> <span class='ocrx_word' id='word_1_267' title='bbox 1086 3157 1145 3194; x_wconf 80' lang='grc'>111·</span> 
     </span>
     <span class='ocr_line' id='line_1_34' title="bbox 132 3206 1149 3279; baseline 0.004 -17"><span class='ocrx_word' id='word_1_268' title='bbox 132 3224 213 3262; x_wconf 88' lang='lat' dir='ltr'><strong>neres</strong></span> <span class='ocrx_word' id='word_1_269' title='bbox 232 3206 344 3262; x_wconf 90' lang='lat' dir='ltr'><strong>indultu</strong></span> <span class='ocrx_word' id='word_1_270' title='bbox 363 3213 392 3264; x_wconf 90' lang='lat' dir='ltr'><strong>et</strong></span> <span class='ocrx_word' id='word_1_271' title='bbox 409 3210 483 3265; x_wconf 88' lang='lat' dir='ltr'><strong>inter</strong></span> <span class='ocrx_word' id='word_1_272' title='bbox 495 3213 590 3264; x_wconf 84' lang='lat' dir='ltr'><strong>tantos</strong></span> <span class='ocrx_word' id='word_1_273' title='bbox 609 3212 702 3265; x_wconf 92' lang='lat' dir='ltr'><strong>motus</strong></span> <span class='ocrx_word' id='word_1_274' title='bbox 720 3210 846 3279; x_wconf 83' lang='lat' dir='ltr'><strong>partium</strong></span> <span class='ocrx_word' id='word_1_275' title='bbox 859 3210 1044 3266; x_wconf 81' lang='lat' dir='ltr'><strong>factiosarum</strong></span> <span class='ocrx_word' id='word_1_276' title='bbox 1066 3211 1149 3266; x_wconf 54' lang='lat' dir='ltr'><strong>labor</strong></span> 
     </span>
     <span class='ocr_line' id='line_1_35' title="bbox 132 3279 1152 3351; baseline 0.001 -19"><span class='ocrx_word' id='word_1_277' title='bbox 132 3282 243 3333; x_wconf 83' lang='lat' dir='ltr'><strong>rentem</strong></span> <span class='ocrx_word' id='word_1_278' title='bbox 256 3295 301 3333; x_wconf 91' lang='lat' dir='ltr'><strong>me</strong></span> <span class='ocrx_word' id='word_1_279' title='bbox 319 3279 557 3350; x_wconf 82' lang='lat' dir='ltr'><strong>fluctuantemque</strong></span> <span class='ocrx_word' id='word_1_280' title='bbox 575 3281 692 3336; x_wconf 87' lang='lat' dir='ltr'><strong>oonsilio</strong></span> <span class='ocrx_word' id='word_1_281' title='bbox 712 3281 857 3336; x_wconf 88' lang='lat' dir='ltr'><strong>confirmes</strong></span> <span class='ocrx_word' id='word_1_282' title='bbox 876 3281 998 3351; x_wconf 83' lang='lat' dir='ltr'><strong>collegio</strong></span> <span class='ocrx_word' id='word_1_283' title='bbox 1013 3283 1152 3337; x_wconf 65' lang='lat' dir='ltr'><strong>informes</strong></span> 
     </span>
     <span class='ocr_line' id='line_1_36' title="bbox 132 3350 1164 3426; baseline 0.003 -20"><span class='ocrx_word' id='word_1_284' title='bbox 132 3357 247 3407; x_wconf 79' lang='lat' dir='ltr'><strong>testator</strong></span> <span class='ocrx_word' id='word_1_285' title='bbox 272 3350 375 3406; x_wconf 65' lang='lat' dir='ltr'><strong>&amp;coro</strong></span> <span class='ocrx_word' id='word_1_286' title='bbox 400 3353 543 3426; x_wconf 59' lang='lat' dir='ltr'><strong>rubroque</strong></span> <span class='ocrx_word' id='word_1_287' title='bbox 567 3371 601 3409; x_wconf 81' lang='lat' dir='ltr'><strong>eoo</strong></span> <span class='ocrx_word' id='word_1_288' title='bbox 624 3354 736 3423; x_wconf 81' lang='lat' dir='ltr'><strong>‘optimo</strong></span> <span class='ocrx_word' id='word_1_289' title='bbox 758 3355 859 3408; x_wconf 81' lang='lat' dir='ltr'><strong>codioe’</strong></span> <span class='ocrx_word' id='word_1_290' title='bbox 885 3353 950 3408; x_wconf 82' lang='lat' dir='ltr'><strong>add.</strong></span> <span class='ocrx_word' id='word_1_291' title='bbox 977 3353 1164 3417; x_wconf 68' lang='lat' dir='ltr'><strong>Woowooe,</strong></span> 
     </span>
     <span class='ocr_line' id='line_1_37' title="bbox 131 3412 1160 3494; baseline 0.006 -15"><span class='ocrx_word' id='word_1_292' title='bbox 131 3423 195 3491; x_wconf 76' lang='lat' dir='ltr'><strong>fort.</strong></span> <span class='ocrx_word' id='word_1_293' title='bbox 214 3428 282 3479; x_wconf 79' lang='lat' dir='ltr'><strong>reete</strong></span> <span class='ocrx_word' id='word_1_294' title='bbox 305 3424 314 3493; x_wconf 87' lang='grc'><strong>11</strong></span> <span class='ocrx_word' id='word_1_295' title='bbox 337 3429 371 3476; x_wconf 78' lang='lat'><strong>23</strong></span> <span class='ocrx_word' id='word_1_296' title='bbox 389 3440 565 3478; x_wconf 84' lang='lat' dir='ltr'><strong>romanorum</strong></span> <span class='ocrx_word' id='word_1_297' title='bbox 581 3425 648 3494; x_wconf 84' lang='lat' dir='ltr'><strong>NT,</strong></span> <span class='ocrx_word' id='word_1_298' title='bbox 667 3441 850 3478; x_wconf 84' lang='lat' dir='ltr'><strong>romanunum</strong></span> <span class='ocrx_word' id='word_1_299' title='bbox 865 3423 900 3492; x_wconf 79' lang='lat' dir='ltr'><strong>L,</strong></span> <span class='ocrx_word' id='word_1_300' title='bbox 919 3425 1044 3480; x_wconf 77' lang='lat' dir='ltr'><strong>romanis</strong></span> <span class='ocrx_word' id='word_1_301' title='bbox 1058 3425 1118 3482; x_wconf 80' lang='lat' dir='ltr'><strong>Mo</strong></span> <span class='ocrx_word' id='word_1_302' title='bbox 1131 3412 1160 3493; x_wconf 76' lang='lat' dir='ltr'><strong>ll</strong></span> 
     </span>
     <span class='ocr_line' id='line_1_38' title="bbox 124 3493 933 3564; baseline 0.004 -18"><span class='ocrx_word' id='word_1_303' title='bbox 124 3499 163 3547; x_wconf 78' lang='lat'><strong>25</strong></span> <span class='ocrx_word' id='word_1_304' title='bbox 180 3493 328 3552; x_wconf 85' lang='lat' dir='ltr'><strong>deficimur</strong></span> <span class='ocrx_word' id='word_1_305' title='bbox 344 3511 415 3552; x_wconf 79' lang='lat' dir='ltr'><strong>corr.</strong></span> <span class='ocrx_word' id='word_1_306' title='bbox 434 3497 468 3552; x_wconf 83' lang='lat' dir='ltr'><strong>in</strong></span> <span class='ocrx_word' id='word_1_307' title='bbox 485 3495 631 3552; x_wconf 80' lang='lat' dir='ltr'><strong>deficimus</strong></span> <span class='ocrx_word' id='word_1_308' title='bbox 650 3494 707 3564; x_wconf 68' lang='grc' dir='ltr'><strong>Μ’,</strong></span> <span class='ocrx_word' id='word_1_309' title='bbox 722 3494 865 3548; x_wconf 70' lang='lat' dir='ltr'><strong>deficimus</strong></span> <span class='ocrx_word' id='word_1_310' title='bbox 885 3496 933 3564; x_wconf 84' lang='grc' dir='ltr'><strong>Τ11</strong></span> 
     </span>
    </p>
   </div>
   <div class='ocr_carea' id='block_1_5' title="bbox 0 0 1212 3864">
    <p class='ocr_par' dir='ltr' id='par_1_6' title="bbox 0 0 1212 3864">
     <span class='ocr_line' id='line_1_39' title="bbox 0 0 1212 3864; baseline 0 4"><span class='ocrx_word' id='word_1_311' title='bbox 0 0 1212 3864; x_wconf 95' lang='lat' dir='ltr'><strong> </strong></span> 
     </span>
    </p>
   </div>
  </div>
 </body>
</html>
