2414 3864
93 141 160 207 240
500 143 652 200 CARMEN
669 145 704 202 Il.

182 291 301 371 publica
324 300 390 354 vota
412 300 472 354 tuo.
519 294 622 354 credet
643 300 768 355 ventura
791 313 937 374 propago:

130 393 164 441 25
184 383 216 441 in
238 401 294 443 nos
317 390 351 443 ut
372 384 502 464 possint,
525 384 679 463 princeps,
703 386 746 443 sic
770 391 877 444 cuncta
900 384 1001 465 licere,

185 471 221 531 de
244 478 273 531 te
297 489 356 531 non
380 477 475 532 totum
498 471 584 532 licuit
606 469 689 532 tibi?
726 472 802 533 lacta
825 474 961 552 priorum

184 578 356 641 exsuperas,
379 560 510 639 Auguste
533 559 610 642 Leo;
632 579 701 621 nam
724 578 816 640 regna
841 568 1000 643 superstat,

184 651 235 728 qui
258 667 382 728 regnare
405 648 501 710 iubet:
523 649 631 709 melius
655 649 824 729 respublica
847 658 947 711 vestra

183 756 263 798 nunc
286 741 344 799 erit
366 756 425 799 una
448 739 555 818 magis,
578 756 654 817 quae
678 740 722 798 sic
745 746 791 799 est
814 740 892 800 lacta
914 739 1036 801 duorum.

129 837 164 885 30
184 826 275 907 salve,
298 834 484 906 sceptrorum
509 826 659 907 columen,
682 829 784 906 regina
807 826 953 909 Orientis,

184 914 265 975 orbis
287 914 380 976 Roma
403 918 461 997 tui,
484 934 585 976 rerum
609 916 683 976 mihi
705 918 841 995 principe
864 919 956 978 misso

183 1006 242 1063 iam
265 1022 324 1064 non
347 1004 409 1065 Eoo
434 1004 529 1065 solum
552 1005 719 1065 veneranda
741 1004 868 1085 Quiriti,

184 1095 304 1172 imperii
327 1093 426 1174 sedes,
450 1093 502 1154 sed
525 1092 592 1172 plus
614 1095 760 1174 pretiosa,
784 1095 864 1173 quod
888 1101 969 1156 extas

184 1183 303 1261 imperii
325 1184 469 1260 genetrix.
505 1181 668 1262 Rhodopen
687 1200 762 1261 quae
781 1189 881 1262 portat
904 1191 934 1244 et
954 1181 1070 1254 Haemum,

129 1280 164 1329 35
184 1270 332 1331 Thracum
354 1278 434 1331 terra
458 1278 508 1331 tua
532 1278 590 1353 est,
612 1271 738 1332 heroum
760 1271 869 1332 fertilis
894 1290 952 1332 ora.

185 1362 295 1439 excipit
318 1359 367 1420 hic
390 1368 475 1421 natos
499 1358 607 1438 glacies
631 1366 661 1420 et
683 1362 787 1421 matris
810 1359 848 1421 ah
871 1360 935 1421 alvo

184 1455 265 1509 artus
289 1449 436 1510 infantum
458 1448 563 1509 molles
586 1450 637 1509 nix
661 1450 754 1510 civica
777 1449 872 1510 durat.

182 1545 303 1616 pectore
327 1540 375 1598 vix
399 1537 487 1598 alitur
511 1539 682 1618 quisquam,
705 1537 758 1598 sed
781 1536 817 1598 ab
842 1537 936 1599 ubere
957 1542 1044 1598 tractus

183 1625 250 1705 plus
273 1633 355 1706 potat
377 1645 432 1706 per
454 1626 560 1687 vulnus
584 1645 706 1708 equum3
731 1629 774 1687 sic
797 1625 873 1688 lacte
897 1627 995 1689 relicto

128 1724 164 1774 40
183 1716 323 1776 virtutem
347 1733 420 1793 gens
443 1722 504 1775 tota
527 1714 610 1776 bibit.
657 1733 777 1776 crevere
800 1734 972 1796 parumper:

183 1821 251 1864 mox
274 1822 404 1884 pugnam
428 1804 533 1865 ludunt
555 1803 676 1885 iaculis3
703 1804 757 1864 hos
781 1807 916 1884 suggerit
938 1804 992 1866 illis

182 1895 283 1968 nutrix
306 1892 390 1971 plaga
414 1895 503 1953 iocos.
544 1895 630 1973 pueri
653 1893 808 1954 venatibus
832 1897 895 1973 apti

183 1979 276 2041 lustra
299 1981 370 2041 ieris
393 1988 531 2062 vacuant,
553 1988 638 2061 rapto
662 1982 752 2042 ditata
775 1983 916 2045 iuventus

183 2071 247 2129 iura
270 2069 340 2130 colit
363 2069 465 2151 gladii,
489 2078 781 2150 consummatamque
805 2080 956 2133 senectam

128 2167 162 2217 45
181 2176 242 2218 non
265 2160 344 2220 lerro
368 2161 454 2220 finire
477 2160 582 2238 pudet:
606 2159 658 2220 tali
682 2160 785 2220 ordine
809 2163 887 2222 vitae

182 2249 261 2308 cives
283 2248 385 2309 Martis
410 2255 508 2327 agunt.
554 2255 584 2308 at
606 2255 639 2309 tu
662 2249 835 2310 circumllua
858 2257 950 2329 ponto

181 2335 316 2416 Europae
340 2345 428 2417 atque
451 2337 537 2397 Asiae
561 2340 750 2398 commissam
774 2340 871 2417 carpis
896 2342 1031 2416 utrimque

181 2428 369 2507 temperiem3
393 2445 461 2487 nam
484 2426 633 2487 Bistonios
656 2425 810 2506 Aquilonis
834 2426 934 2488 hiatus

181 2517 315 2592 proxima
338 2515 499 2576 Calchidici
523 2518 636 2575 sensim
659 2515 729 2576 tuha
752 2523 901 2595 temperat
923 2516 998 2578 Euri.

128 2614 162 2662 5ο
182 2605 294 2664 interea
317 2611 346 2664 te
371 2604 445 2665 Susa
468 2610 599 2665 tremunt
623 2623 656 2665 ac
680 2604 812 2684 supplice
837 2603 921 2666 cultu

181 2691 275 2752 tiectit
296 2692 511 2754 Achaemenius
535 2692 668 2753 lunatum
690 2692 780 2753 Persa
802 2695 919 2756 tiaram.

181 2780 271 2841 Indus
295 2781 443 2842 odorifero
468 2783 580 2842 crinem
603 2782 785 2843 madefactus
809 2800 926 2843 amomo

180 2872 285 2930 intua
308 2869 390 2931 lucra
412 2871 484 2931 feris
508 2878 640 2931 exarmat
663 2877 765 2949 guttur
787 2871 929 2954 alumnis,

181 2964 214 3018 ut
236 2958 366 3038 pandum
389 2959 536 3039 dependat
559 2959 646 3039 ebur3
671 2961 714 3019 sic
737 2966 844 3021 trunca
866 2967 995 3041 reportat

128 3057 162 3106 55
181 3046 360 3126 Bosphoreis
384 3048 473 3108 elelas
497 3048 641 3127 inglorius
665 3066 716 3108 ora
737 3048 869 3110 tributis.

181 3138 310 3215 porrigis
333 3139 483 3216 ingentem
508 3139 646 3216 spatiosis
669 3136 827 3198 moenibus
850 3137 971 3219 urbem,

182 3243 269 3302 quam
293 3232 392 3286 tamen
415 3233 568 3305 angustam
592 3225 719 3305 populus
743 3228 826 3307 lacit3
854 3229 917 3288 itur
939 3230 969 3288 in
990 3222 1070 3297 aequor

180 3312 308 3373 molibus
331 3322 361 3374 et
383 3323 500 3376 veteres
523 3314 611 3375 tellus
634 3333 708 3375 nova
733 3315 881 3376 contrahit
903 3317 1004 3394 undas3

157 3507 194 3561 34
212 3520 264 3562 om.
276 3503 315 3559 M
324 3505 383 3577 [136
403 3505 506 3575 gnatm
518 3505 617 3574 Mitt
636 3522 669 3558 n.
684 3503 806 3558 candida
816 3505 854 3560 M
857 3504 901 3561 Pb
915 3507 924 3575 [Ι
938 3510 970 3560 56
986 3482 1070 3559 ottdsl
