2414 3864
259 189 428 246 SIDONIUS
445 186 602 244 PETREIO
622 188 692 244 SUO
711 188 889 245 SALUTEM.
1038 188 1081 254 85

95 339 235 403 consuleret
257 341 382 421 invitus,
413 358 429 400 a
457 342 542 401 cuius
570 339 779 419 disputationis
808 341 1015 399 commuuione
1042 358 1081 401 ne

95 423 225 492 idiotarum
245 430 366 510 quidem
385 431 651 508 imperitorumque
671 429 833 489 sciscitatio
848 426 1081 507 repudiabatur?

94 510 115 571 4.
133 515 191 580 haec
214 537 308 600 pauca
332 517 368 578 de
390 518 505 578 studiis.
543 525 676 578 ceterum
695 525 795 578 cetera
814 517 880 595 quis
901 520 1082 596 competenti

94 611 223 678 praeconio
249 606 382 687 extollat,
410 607 489 686 quod
513 607 697 668 condicionis
725 606 871 667 humanae
900 625 955 685 per
983 609 1082 667 omnia

94 708 181 757 memor
211 697 338 758 clericos
371 713 460 775 opere
498 714 634 757 sermone
668 694 840 776 populareS,
877 695 1080 756 exhortatione
1109 709 1122 751 5

94 795 232 848 maerentes
256 786 415 846 destitutos
439 784 563 867 solacio,
591 788 722 864 captivos
749 787 846 864 pretio
874 787 991 845 ieiunos
1015 783 1081 845 cibo

93 871 165 935 nudos
199 877 385 955 operimento
423 870 655 935 consolabatur?
705 876 818 953 pariter
850 881 880 935 et
913 892 1003 953 super
1034 873 1082 933 his

48 1008 50 1021 .
93 956 155 1034 plura
183 964 328 1044 replicare
356 963 602 1042 superforaneum
631 970 736 1023 statuo.
788 982 856 1024 uam
884 965 991 1023 merita
1021 981 1083 1044 sua,

48 1060 50 1065 '
94 1049 177 1124 quihus
198 1054 320 1114 divitem
343 1055 556 1113 conscientiam
575 1071 668 1113 ceusu
686 1059 865 1132 pauperatus
883 1051 1083 1133 locupletavit,

48 1144 50 1149 '
94 1153 131 1214 spe
149 1142 259 1204 loturae
283 1141 489 1203 retributionis
512 1141 609 1202 celare
628 1140 695 1220 plus
716 1141 837 1202 studuit.
879 1139 908 1202 5.
928 1160 1000 1198 *e*
1020 1144 1082 1221 epi·
1098 1156 1123 1196 uo

95 1241 191 1307 scopum
218 1232 342 1292 fratrem
369 1232 512 1291 maiorem
540 1238 613 1292 natu
639 1231 884 1291 affectuosissime
914 1229 1084 1311 observans,

48 1366 50 1371 .
95 1330 159 1390 quem
180 1319 322 1399 diligebat
343 1328 377 1381 ut
399 1318 502 1401 filium,
525 1338 594 1381 cum
615 1326 766 1399 tamquam
788 1326 905 1398 patrem
928 1337 1083 1379 venerare-

48 1472 50 1495 ,
94 1408 135 1464 lin.
170 1410 219 1470 sed
243 1417 274 1470 et
296 1408 345 1469 ille
369 1409 552 1489 suspiciebat
573 1408 653 1470 hunc
672 1409 833 1489 granditer,
856 1407 969 1468 habens
992 1410 1024 1468 in
1047 1426 1082 1467 eo

48 1504 50 1511 ·
95 1497 271 1559 consiliarium
290 1500 322 1558 in
340 1498 460 1559 iudiciis
478 1500 622 1559 vicarium
641 1501 673 1558 in
692 1497 837 1578 ecclesiis,
859 1504 1084 1576 procuratorem

96 1578 251 1666 tunegotiis
273 1587 394 1648 vilicum
422 1591 454 1648 in
480 1588 624 1668 praediis,
651 1586 831 1648 tabularium
853 1588 885 1646 in
908 1585 1029 1646 tributis
1052 1588 1084 1646 iu
1099 1599 1124 1640 1⁵

95 1663 245 1737 lectionibus
269 1678 421 1756 comitem,
447 1679 480 1736 in
503 1676 739 1756 expositionibus
762 1678 958 1754 interpretem
981 1677 1013 1735 in
1036 1676 1084 1734 iti-

96 1762 191 1825 neribus
223 1764 474 1826 contubernalem.
525 1768 568 1825 sic
595 1768 715 1845 utrique
749 1764 784 1826 ab
816 1763 959 1825 alterutro
989 1783 1085 1843 usque

97 1845 269 1914 limodiam
293 1854 421 1933 exempli
442 1861 546 1914 mutua
569 1855 626 1915 fide
650 1856 854 1933 germanitatis
878 1854 975 1914 officia
998 1856 1084 1914 resti-

96 1938 236 2004 tuebantur.
274 1941 303 2004 6.
324 1943 375 2004 sed
395 1943 466 2022 quid
481 1943 614 2004 dolorem
633 1952 768 2004 nostrum
787 1943 970 2003 moderaturi
987 1945 1085 2003 causis

98 2029 173 2098 potius
193 2031 305 2092 doloris
328 2032 459 2093 fomenta
482 2030 669 2093 sufficimus?
715 2051 795 2113 ergo,
818 2039 852 2092 ut
875 2032 974 2092 dicere
999 2033 1083 2091 insti·
1098 2044 1125 2084 20

98 2117 230 2202 tueramus,
253 2121 323 2181 huic
346 2123 414 2202 iam,
437 2129 470 2181 ut
494 2129 539 2183 est
562 2120 635 2182 illud
653 2121 867 2203 Maronianum,
891 2123 1008 2182 cineri
1031 2123 1085 2179 iu-

100 2214 174 2274 orato
203 2210 233 2270 id
267 2217 312 2271 est
344 2213 469 2289 gratiam
500 2229 561 2271 nou
591 2210 721 2271 relaturo
750 2213 870 2271 neniam
898 2208 1085 2270 condidimus

100 2291 188 2357 tristem
209 2298 433 2379 luctuosamque
456 2299 672 2379 propemodum
696 2299 857 2380 laboriose,
882 2301 951 2378 quia
974 2298 1085 2358 faceret

101 2373 201 2447 dictandi
224 2388 388 2448 desuetudo
412 2388 625 2471 difficultatem,
648 2391 708 2449 uisi
731 2388 810 2468 quod
829 2390 960 2448 animum
979 2393 1085 2447 natura

48 2530 51 2563 ἰ
101 2462 349 2537 desidiosissimum·
367 2476 451 2537 dolor
478 2477 549 2538 lletu
578 2478 716 2556 gravidus
745 2477 888 2538 accendit.
935 2478 999 2536 eius
1027 2475 1083 2534 hoc
1098 2486 1125 2528 25

48 2572 51 2619 ἐ
101 2568 191 2623 tarmen
212 2573 270 2626 est:

231 2707 371 2769 Germani
394 2708 486 2769 decus
509 2716 540 2770 et
562 2707 647 2768 dolor
669 2708 814 2789 Mamerti,

229 2799 390 2858 mirantum
413 2800 502 2859 umica
524 2816 631 2878 pompa
655 2800 871 2878 episcoporum,

229 2885 287 2946 hoc
310 2885 359 2947 dat
383 2888 512 2966 caespite
536 2886 669 2947 membra
692 2886 880 2965 Claudianus,

230 2974 338 3054 triplex
360 2975 548 3056 bybliotheca
571 2994 629 3054 quo
652 2978 804 3057 magistro,

198 3063 361 3124 themana
383 3064 479 3125 Attica
502 3064 678 3146 Christiana,
700 3065 796 3146 fulsit,

156 3266 182 3317 21
197 3268 251 3324 Ver
272 3271 362 3326 ‚Aen
376 3269 424 3336 VI,
440 3275 500 3326 213.

122 3390 127 3400 .
157 3336 245 3410 lrepu
269 3341 381 3396 'abatur
402 3341 430 3396 L
454 3348 480 3396 et
503 3345 583 3408 (corr.
607 3344 639 3396 o'oo
660 3339 979 3410 reponderationem,
1002 3356 1086 3407 repu-

107 3387 201 3462 duratur
217 3413 253 3466 M
255 3413 329 3483 01⁷ss
343 3419 359 3468 ὅ
377 3413 526 3482 populares
546 3428 674 3468 sermone
692 3413 835 3468 merentes
854 3408 1096 3468 exhortationum

48 3480 50 3485 '
106 3459 150 3584 lupi
163 3477 263 3540 bolom
280 3486 427 3540 sententiae
443 3485 531 3541 decom
548 3485 620 3542 cidit
639 3486 695 3544 Leo
713 3489 727 3561 ll
746 3493 780 3545 13
802 3489 833 3544 et
852 3503 907 3544 oro.
923 3483 1023 3555 (illiti
1042 3492 1116 3545 212ss

48 3576 50 3597 ι
139 3539 283 3620 Wolff,
302 3570 404 3623 ergone
425 3556 470 3625 Cll
