2414 3864
128 157 302 212 SIDONIUS
320 157 466 213 DOMINO
485 156 604 212 PAPAE
622 132 810 215 AMDROSIO
830 158 1008 216 SALUTEM.
1045 159 1111 225 209

91 326 162 368 rare
187 325 263 386 quae
287 309 418 391 gerimus
437 309 590 386 nostrique
615 308 739 368 dominii
756 315 926 387 temperans
945 308 1012 369 lites
1032 328 1113 370 arma

92 412 291 475 compescens
315 394 381 456 illos
404 403 579 475 muneretur
601 398 783 477 innocentia,
810 415 865 457 nos
894 399 1006 478 quiete,
1036 406 1112 460 totos

91 488 269 547 securitate.
311 502 425 544 memor
448 487 544 544 nostri
562 503 633 557 ,esse
658 486 794 566 dignare,
818 485 937 546 domine
961 505 1044 566 papa.

523 762 527 770 .
576 710 632 776 VI.

169 831 339 887 SIDONIUS
357 831 503 888 DOMINO
521 832 640 887 PAPAE
660 832 846 908 AMBROSIO
866 833 1043 891 SALUTEM.

167 947 194 1007 1.
219 946 318 1024 Viguit
341 965 395 1026 pro
419 945 612 1007 dilectissimo
636 954 738 1007 nostro
762 943 848 1030 (quid
867 947 971 1027 loquar
994 967 1111 1030 nomen,
1138 970 1151 1010 a

93 1031 278 1116 personam?
323 1043 356 1096 tu
393 1054 589 1114 recognosces
622 1029 743 1118 cuncta)
772 1036 849 1115 apud
882 1036 1034 1099 Christum
1061 1046 1112 1099 tua

94 1127 239 1186 sanctitas
263 1125 488 1185 intercessionis
512 1126 631 1206 ellectu,
651 1125 687 1184 de
711 1126 796 1185 cuins
820 1124 959 1187 facilitate
984 1128 1111 1188 iuvenali

95 1232 187 1293 saepe
222 1231 301 1273 nunc
324 1213 449 1274 ‘arbitris
480 1210 578 1292 palam
610 1213 730 1274 adscitis
764 1214 998 1296 conquerebare,
1031 1235 1111 1277 nunc

93 1305 205 1364 tacitns
233 1300 457 1381 ingemiscebas
504 1304 595 1380 igItur
618 1303 667 1363 hic
689 1304 824 1382 proxime
853 1302 978 1382 abrupto
1007 1313 1109 1365 contn-

93 1391 201 1453 bemio
225 1391 347 1451 ancillae
371 1390 666 1472 propudiosissimae,
694 1393 743 1451 cni
774 1409 805 1451 se
833 1398 928 1452 totum
952 1399 1109 1455 consuetu·
1125 1415 1151 1454 ιο

94 1480 165 1541 dine
193 1480 321 1540 obscena
344 1482 460 1548 vinctus
475 1480 644 1560 addixerat,
667 1482 845 1559 patrimonio
863 1484 992 1560 posteris
1016 1482 1109 1543 lamae

94 1569 194 1630 subita
218 1571 265 1629 sui
288 1571 472 1629 correctione
496 1569 653 1630 consuluit.
691 1567 720 1629 2.
744 1588 871 1649 namque
889 1588 944 1648 per
962 1573 1008 1630 rei
1025 1571 1109 1632 fami·

95 1658 178 1719 liaris
213 1657 319 1721 damna
349 1664 489 1718 vacuatus
522 1666 555 1719 u't
586 1661 716 1737 primum
748 1657 920 1737 intellegere
954 1663 1053 1739 coepit
1080 1670 1110 1721 et

95 1754 271 1826 retractare,
314 1754 456 1825 qnantum
497 1747 533 1806 de
572 1747 750 1808 bonusculis
791 1749 876 1807 avitis
917 1751 1108 1828 paternisque

95 1838 309 1915 sumptuositas
342 1834 522 1896 domesticae
555 1835 718 1915 Charybdis
751 1835 970 1918 abligurrisset,
1008 1856 1150 1917 quam-15

94 1943 184 2004 quam
209 1942 276 1985 sero
300 1927 497 2006 resipiscens·
514 1932 642 1985 attamen
665 1926 785 1986 tandem
809 1925 900 1986 veluti
923 1926 1024 1998 frenos
1046 1947 1109 2005 mo·

94 2014 206 2074 mordit
229 2015 418 2092 excussitque
438 2016 569 2074 cervices
589 2021 676 2092 atque
696 2014 823 2096 Ulixeas,
846 2024 879 2075 ut
897 2015 1005 2097 lerunt,
1025 2035 1109 2081 ceras

95 2102 218 2163 auribus
251 2103 344 2180 figens
363 2102 453 2181 Angit
494 2103 651 2163 adversum
688 2107 758 2164 vitia
800 2103 908 2164 surdus
944 2108 1109 2165 meretricii

93 2191 295 2252 blandimenta
317 2191 464 2270 naufragii
486 2191 687 2272 puellamque,
718 2201 808 2272 prout
831 2192 943 2273 decuit,
968 2195 1109 2254 intactam

86 2283 138 2341 ·vir
170 2280 335 2341 laudandus
367 2283 399 2340 in
430 2283 651 2342 matrimonium
681 2281 858 2361 adsumpsit,
890 2288 950 2341 tam
974 2281 1107 2342 moribus
1122 2303 1149 2341 aa

93 2368 299 2448 natalibusque
315 2377 490 2429 summatem
505 2389 593 2448 qnam
611 2370 758 2445 facultatis
772 2368 952 2449 principalis.
986 2368 1015 2430 3.
1034 2370 1107 2431 haec

94 2458 216 2539 quidem
239 2457 341 2538 gloria,
364 2461 391 2519 si
413 2458 579 2538 voluptates
604 2462 647 2520 sic
670 2458 855 2538 reliquisset,
883 2465 916 2517 ut
939 2476 995 2519 nec
1018 2462 1105 2519 uxori

93 2550 321 2628 coniugaretur3
347 2547 412 2627 sed,
432 2549 488 2608 etsi
507 2548 582 2608 lorte
553 2556 657 2609 tcon
659 2552 753 2651 tingat
740 2548 811 2608 tad
834 2546 928 2607 bonos
947 2565 1045 2607 mores
1070 2547 1106 2608 ab

92 2655 195 2699 errore
223 2639 365 2738 migrare,
397 2655 559 2715 paucorum
586 2646 632 2697 est
659 2639 790 2716 incipere
819 2637 855 2695 de
883 2639 1043 2717 maxumis,
1077 2645 1106 2698 et

93 2744 157 2807 eos,
191 2726 244 2805 qui
275 2724 327 2786 diu
357 2733 454 2786 totum
485 2726 664 2787 indulserint
652 2725 762 2806 tsibi,
790 2732 858 2803 prot
859 2727 926 2785 inus
955 2732 1050 2785 totum
1077 2733 1146 2816 etas

92 2817 205 2896 pariter
223 2814 364 2876 incidere.
396 2813 426 2876 4.
446 2817 584 2894 quocirca
597 2823 730 2876 vestrum
748 2822 795 2875 est
813 2813 939 2895 copulat
932 2833 957 2874 is
919 2814 1031 2874 ttob
1011 2821 1146 2876 tmere

94 2906 335 2984 quamprimum
362 2922 451 2982 prece
478 2904 579 2965 sedula
608 2923 691 3008 spem
718 2903 894 2964 liberorum·
887 2921 1106 2985 ,consequens

92 2995 160 3074 erit,
183 2999 217 3052 ut
205 2991 300 3052 tfilio
323 3011 382 3054 uno
406 2992 446 3053 alt
435 3001 534 3054 terove
559 3002 679 3073 suscept
680 2996 761 3053 ise
731 2988 775 3076 (et
802 2995 891 3053 nimis
915 2987 1082 3077 dixI)t
1016 2993 1106 3055 absti-

166 3162 320 3216 ldominii
344 3158 432 3218 'GPF
457 3171 483 3219 et
511 3169 591 3233 (corr.
619 3182 653 3219 etc
680 3116 787 3218 domini
810 3164 918 3233 M¹)M,
947 3165 1106 3234 dominiT,

94 3232 171 3288 domi
194 3250 265 3302 seqq.
286 3234 408 3289 literar
434 3237 486 3290 litt.
505 3237 546 3304 L;
571 3236 787 3302 nostrorumque
816 3235 992 3290 dominorum
1015 3237 1107 3292 Leo·¹

94 3303 227 3376 bpiguit
243 3307 272 3373 (p
291 3306 355 3360 add.
372 3306 459 3376 T²)‚T
478 3306 537 3375 egit
540 3324 571 3359 nr
525 3307 616 3359 aL
637 3309 647 3375 ΙΙ
668 3314 681 3361 7
701 3305 819 3360 iuvenili
839 3308 890 3362 CT
911 3308 920 3377 l)
946 3314 976 3361 ll
995 3290 1107 3361 iunctus

97 3375 191 3431 MOT
202 3381 211 3445 ΙΙ
225 3380 258 3429 21
278 3375 348 3430 haec
367 3376 402 3446 L,
422 3380 497 3431 esset
514 3378 607 3433 MCT
619 3381 627 3447 ΙΙ
641 3383 676 3432 at
694 3377 979 3447 megrariLlanct
967 3377 1134 3432 tdifticil-¹

96 3444 194 3500 limum
213 3452 280 3501 eos?
298 3447 380 3516 Latet)
378 3449 475 3503 oborta
480 3452 502 3576 tl)
520 3455 554 3503 26
574 3451 617 3502 est
635 3466 685 3504 om
700 3449 726 3503 L
749 3452 760 3518 ll
781 3454 814 3504 ‘tl
834 3465 1012 3518 consequens
1030 3449 1070 3515 L
1083 3451 1118 3501 ab

98 3520 160 3585 pon
178 3521 408 3588 consequensnt
423 3523 492 3589 post
509 3539 530 3578 a.
551 3522 568 3578 I
589 3523 655 3580 add.
671 3522 704 3581 N
707 3522 766 3596 )N
773 3521 894 3592 ΜΘΗ

135 3614 459 3661 Amnamasodffnrob
946 3616 991 3664 A&
