2414 3864
131 114 175 179 52
494 112 603 167 LIBER
621 111 781 168 TERTIUS.

130 282 207 344 mur,
232 262 349 344 quibus,
372 271 404 323 nt
428 264 626 343 recognoscis,
649 279 711 322 non
733 263 827 340 magis
850 262 936 323 cordi
959 270 1004 323 est
1027 268 1072 322 aut
1087 277 1145 318 vo-

131 353 237 432 luptati
261 371 330 431 ager
354 370 422 413 cum
445 351 592 412 reditibus
616 350 735 432 amplis,
764 369 852 430 quam
875 353 992 412 vicinus
1015 348 1146 430 aequalis

133 460 201 502 cum
223 441 309 502 bonis
333 441 475 502 moribus
512 439 585 501 vale.

562 741 722 749 *-

178 991 271 1065 oni
299 990 474 1064 SOLLII
502 989 868 1063 APOLLINARIS
898 989 1100 1064 SIDONII

452 1131 839 1206 EPISTULARUM

490 1310 602 1371 LIBER
625 1310 794 1371 TERTIUS.

631 1502 655 1567 Ι.

348 1622 516 1680 SIDONIUS
535 1623 648 1679 AVITO
669 1624 737 1680 SUO
758 1623 938 1680 SALUTEM.

104 1756 118 1797 5
204 1737 229 1798 1.
253 1737 352 1798 Multis
377 1738 496 1816 quidem
520 1738 646 1799 vinculis
670 1740 803 1798 caritatis
823 1737 859 1799 ab
878 1741 1002 1799 ineunte
1022 1740 1146 1818 pueritia

133 1827 275 1909 quicquid
299 1828 433 1886 venimus
456 1829 488 1887 in
511 1824 695 1888 iuventutem
718 1829 829 1907 gratiae
849 1845 916 1887 sese
935 1835 1059 1888 mutuae
1078 1845 1146 1889 cura

132 1923 289 1998 nexuerat,
316 1917 460 1996 primum,
489 1919 558 1995 quia
579 1915 725 1976 matribus
754 1918 866 1976 nostris
891 1934 1006 1976 summa
1031 1918 1148 1996 sangui·

133 2009 180 2067 nis
204 2007 299 2066 iuncti
321 2005 524 2086 necessitudo,
548 2005 626 2086 dein,
650 2004 729 2084 quod
750 2006 808 2084 ipsi
826 2004 943 2065 hisdem
961 2005 1148 2085 temporibus

131 2098 194 2157 nati
217 2096 367 2173 magistris
390 2096 447 2176 usi,
470 2092 585 2155 artibus
604 2095 734 2155 instituti
752 2091 868 2155 lusibus
888 2095 981 2176 otiati,
1004 2095 1147 2175 principi-

92 2204 118 2244 ιο
131 2185 187 2246 bus
217 2186 312 2245 evecti
339 2183 496 2263 stipendiis
524 2183 674 2263 perfuncti
702 2201 819 2264 sumus,
852 2190 896 2265 et,
929 2183 1008 2262 quod
1038 2191 1085 2244 est
1113 2182 1146 2245 ad

132 2276 276 2336 amicitias
300 2271 481 2352 ampliandas
503 2273 551 2332 bis
573 2271 698 2332 validius
722 2273 946 2352 efficaciusque,
969 2275 1001 2332 in
1021 2271 1147 2353 singulis

132 2363 299 2444 quibusque
322 2363 458 2441 personis
486 2360 532 2422 vel
555 2361 729 2440 expetendis
752 2360 914 2440 aequaliter
937 2360 984 2422 vel
1007 2361 1146 2422 cavendis

131 2452 235 2513 Iudicii
275 2450 422 2531 parilitate
464 2452 649 2510 certavimus
708 2448 738 2511 2.
775 2457 898 2529 propter
935 2468 1009 2528 quae
1050 2452 1146 2511 omnia

131 2548 250 2621 praeter
274 2541 494 2620 conscientiam,
517 2557 592 2617 quae
616 2540 742 2599 interius
765 2537 821 2598 tibi
840 2537 926 2617 longe
946 2542 1146 2618 praestantior

92 2648 118 2688 15
132 2631 379 2710 eminentiorque,
405 2627 531 2689 multum
554 2626 719 2687 voluntates
744 2634 861 2688 nostras
884 2626 1076 2707 copulaverat
1099 2629 1146 2688 de·

132 2737 286 2780 cursorum
305 2719 471 2778 forinsecus
490 2719 639 2777 actionum
659 2715 830 2777 similitudo.
868 2715 930 2796 sed,
953 2716 1033 2794 quod
1054 2717 1145 2778 faten-

133 2807 203 2868 dum
227 2815 284 2888 est,
312 2807 365 2867 diu
388 2808 495 2866 erectis
518 2808 669 2885 utrimque
692 2807 801 2865 amoris
824 2804 970 2865 maebInis
995 2807 1062 2884 lpse
1087 2804 1146 2866 cul-

132 2898 213 2956 mina
235 2898 364 2974 pretiosa
386 2897 513 2975 posuisti
541 2894 696 2955 ecclesiam
719 2893 845 2954 Arverni
871 2893 1073 2976 muniprioli,
1101 2895 1147 2955 cui

132 2986 333 3066 praeposituS,
363 2986 420 3044 etsi
442 2985 594 3064 inmerito,
624 2983 739 3063 videor,
768 2989 970 3062 peroportuna
998 2981 1148 3044 oblatione

92 3095 120 3136 ao
133 3071 352 3153 locupletaud03
383 3075 467 3133 cuins
495 3073 678 3152 possessioni
706 3071 868 3151 plurimum
892 3070 1046 3132 contulisti
1070 3071 1149 3133 Cuti-

136 3163 281 3223 ciacensis
308 3161 422 3240 praedii
451 3160 688 3240 suburbanitate,
720 3178 781 3221 non
813 3162 911 3221 minus
939 3167 1061 3222 nostrae
1085 3178 1150 3240 pro·

134 3252 274 3312 iessIonis
288 3250 503 3311 fraternitatem
518 3249 576 3310 loci
593 3251 782 3329 proximitate
802 3248 938 3328 dignatus
954 3249 1050 3311 ditare
1066 3267 1151 3330 quam

207 3479 224 3528 8
242 3474 354 3530 hisdem
372 3474 472 3546 LNT,
492 3475 584 3530 isdem
602 3475 687 3544 Meu
701 3481 734 3530 16
752 3471 905 3529 multitudo
924 3473 975 3545 En
