2414 3864
132 137 197 204 202
284 175 287 180 -
508 137 617 192 LIBER
635 135 768 193 NONUS.

132 288 271 347 tetricum
295 304 388 365 genus
412 305 445 347 ac
467 283 700 365 perantiquum?
735 286 814 347 unde
837 285 888 347 illa
911 285 1003 347 verba
1030 284 1128 346 sallario

132 375 178 436 vel
209 375 351 455 Sibyllina
382 375 429 436 vel
462 375 579 437 Sabinis
612 374 745 454 abusque
778 374 908 436 Curibus
940 377 1048 456 accita,
1069 391 1128 453 quae

132 466 283 543 magistris
305 463 482 544 plerumque
505 463 699 526 reticentibus
717 467 884 544 promptius
907 463 1018 525 fetialis
1040 463 1128 542 aliquis

133 560 184 614 aut
206 553 314 614 flamen
337 562 388 615 aut
410 562 585 614 veternosus
608 552 747 632 legaIIum
766 554 978 632 quaestionum
1001 555 1128 632 aenigma·

106 645 204 709 stista
226 639 426 722 patefecerit?
456 661 512 703 nos
536 641 677 722 opuscula
700 656 838 703 sermone
857 640 1046 703 condidimus
1062 639 1128 702 arido

132 729 216 813 exili,
246 739 326 793 certe
359 734 487 792 maxima
514 751 548 792 ex
577 739 661 811 parte
688 731 820 811 vulgato,
850 733 936 793 culus
958 731 1031 792 hinc
1051 731 1128 790 honor

132 839 232 901 rarus,
265 820 343 900 quod
376 821 517 900 frequens
549 838 636 902 usus,
665 821 735 881 hinc
767 818 898 881 dilficdis
931 822 1039 902 gratia,
1065 815 1127 898 quod
1160 846 1162 871 ι

131 908 227 970 facilis
250 910 383 970 Iuventio
406 916 460 970 est.
497 905 527 972 5.
551 927 621 976 sane
640 910 782 990 profiteor
801 909 954 991 audenter,
979 911 1055 970 siout
1073 907 1127 968 istc

131 997 174 1057 nil
201 1016 283 1079 acre,
311 997 353 1058 nil
384 997 541 1080 eloquens,
568 1001 610 1059 ita
637 998 712 1059 nihil
734 996 863 1060 inditum
885 1016 947 1058 non
970 988 1126 1074 ahsolutum,

92 1114 118 1152 ro
131 1104 192 1147 non
215 1085 251 1148 ab
275 1087 419 1167 exemplo.
465 1087 517 1148 sed
548 1086 619 1168 quid
646 1086 719 1149 haec
746 1083 905 1168 pluribus?
951 1081 1042 1148 dictio
1067 1101 1125 1163 mea,

133 1175 211 1255 quod
233 1176 308 1237 mihi
331 1177 449 1257 sufficit,
467 1176 564 1257 placet
586 1178 698 1238 amicis.
734 1178 766 1236 in
785 1175 893 1256 quibus
912 1182 1014 1237 tamen
1032 1181 1125 1237 utrun-

132 1283 189 1344 que
214 1264 403 1348 complector,
417 1267 483 1344 sive
506 1284 566 1326 non
589 1265 694 1326 fallunt
716 1267 851 1327 examine
874 1283 930 1326 sen
953 1266 1070 1326 caritate
1085 1259 1124 1322 Ial-

131 1353 242 1437 luntur,
260 1356 418 1437 deumque,
438 1355 516 1433 quod
535 1362 635 1436 restat,
654 1356 685 1415 iu
699 1363 852 1435 posterum
872 1371 993 1436 quaeso,
1011 1361 1042 1415 ut
1058 1367 1123 1413 secu·

131 1446 192 1504 turi
215 1451 265 1505 aut
288 1443 426 1506 fallantur
449 1442 586 1504 similiter
609 1451 659 1504 aut
682 1450 831 1505 censeant.
868 1441 941 1504 vale.

560 1744 720 1752 .--—-——-

180 1992 271 2067 cni
301 1993 476 2068 SOLLII
504 1978 869 2067 APOLLINARIS
898 1988 1087 2067 SIDONII

448 2135 835 2210 EPISTULARUM

505 2313 618 2375 LIBER
640 2312 776 2375 NONUS.

629 2505 654 2570 I.

94 2657 119 2698 15
325 2625 494 2683 SIDONIUS
513 2625 668 2682 FIRMINO
689 2625 758 2681 SUO
778 2575 958 2683 saturnii.

202 2741 230 2803 1.
262 2741 378 2821 Exigis,
401 2741 519 2800 domiue
543 2740 598 2820 fili,
621 2747 655 2800 ut
677 2739 872 2818 epistularum
895 2741 1029 2819 priorum
1049 2732 1120 2797 limite

134 2832 249 2909 irrupto
273 2829 360 2890 stilus
383 2837 485 2890 noster
508 2831 539 2888 iu
558 2828 700 2889 ulteriora
722 2835 888 2909 procurrat,
907 2831 1025 2890 numeri
1042 2835 1120 2902 supra·

34 2988 36 2993 ¹
134 2919 207 2979 dicti
233 2918 386 2997 privilegio
414 2936 474 2979 non
502 2924 658 2978 contentus
688 2916 808 2978 includi.
855 2917 939 2978 addis
972 2922 1121 2982 eternas,

135 3006 242 3086 quihus
278 3008 327 3068 hic
363 3007 440 3067 liber
475 3025 572 3068 nonus
614 3014 679 3066 octo
717 3008 905 3086 superiorum
947 2997 1120 3068 voluminibus

94 3119 120 3158 so
134 3103 297 3157 accrescat:
330 3114 364 3156 eo
398 3096 476 3175 quod
509 3094 599 3156 Gaius
633 3096 801 3176 Secundus,
834 3096 920 3156 cuius
952 3114 1008 3157 nos
1034 3090 1121 3154 orbitas

204 3283 417 3338 coondidimus
441 3285 468 3339 L
495 3292 520 3340 et
549 3288 629 3351 (corr.
652 3287 684 3339 iu
712 3283 852 3339 edidimus
875 3284 979 3355 N¹)N,
1007 3276 1120 3339 edidimlli

134 3357 171 3410 M
176 3356 227 3412 OT
238 3359 247 3427 ll
261 3363 277 3411 9
294 3355 467 3428 absolutum]
482 3359 516 3424 cf.
533 3356 633 3411 Faciet.
651 3373 679 3426 p.
694 3361 720 3424 4,
734 3357 814 3411 affl.
828 3357 869 3425 ut,
889 3372 961 3424 qnae
975 3344 1121 3426 putabantur

134 3428 261 3496 obseura,
277 3426 452 3482 absolutiora
462 3427 635 3482 tardioribus
644 3427 828 3481 redderentur
841 3429 851 3497 ΙΙ
866 3430 900 3481 10
913 3426 967 3484 hoc
978 3427 1019 3498 011
1032 3426 1120 3479 120011·

131 3499 253 3571 templor
272 3498 317 3571 Od
330 3504 363 3555 15
384 3505 469 3557 totoot
487 3517 528 3571 cp.
543 3501 562 3555 Ι
579 3516 630 3556 oue.
647 3499 764 3568 Lnrq
