2414 3864
274 151 440 209 SIDONIUS
459 150 653 208 FURRUOLO
673 151 741 207 SUO
761 152 938 209 SALUTEM.
1049 153 1110 218 161

95 306 190 382 magis
219 303 358 384 verebor,
388 320 427 363 ne
455 302 612 362 assiduitas
635 303 820 380 praesentiae
843 320 926 362 meae
951 304 990 363 sit
1012 304 1113 381 potius

97 390 197 453 lutura
221 391 348 452 fastidio.
385 409 500 452 memor
522 392 618 450 nostri
641 408 708 450 esse
732 390 863 472 dignare,
887 391 1005 452 domiue
1028 410 1113 471 papa.

534 616 582 682 XI
619 616 673 680 X.

179 739 350 794 SIDONIUS
368 738 513 794 DOMINO
533 614 836 794 PAPIE)AUSP1010
856 738 1033 795 SALUTEM.

168 850 195 914 1.
221 852 253 913 Si
276 855 351 913 ratio
374 859 543 931 temporum
566 854 778 930 regionumque
798 859 958 934 pateretur,
981 870 1042 912 non
1059 872 1115 932 per

113 939 164 1001 sola
190 942 287 1002 officia
313 938 473 1002 verborum
501 943 645 1001 amicitias
674 940 765 1001 semel
792 942 881 1001 initas
905 941 1040 1002 excolere
1064 960 1114 1003 cu·
1141 960 1156 1000 s

116 1045 207 1092 rarem.
245 1030 298 1091 sed
321 1032 461 1109 quoniam
484 1030 632 1090 fraternae
656 1032 764 1108 quietis
788 1036 854 1090 voto
879 1033 950 1091 satis
970 1031 1116 1110 obstrepit

118 1119 334 1181 conflictantium
365 1118 495 1198 procella
527 1136 699 1199 regnorum,
732 1117 829 1178 saltim
862 1121 941 1179 inter
969 1119 1115 1181 discretos

121 1215 313 1288 separatosque
331 1208 468 1268 litterarii
485 1207 668 1268 consuetudo
684 1210 829 1268 sermonis
848 1209 913 1268 iure
929 1209 1116 1290 retinebitur,

123 1310 180 1370 quae
197 1300 254 1358 lam
272 1297 388 1376 pridem
407 1298 539 1357 caritatis
559 1296 681 1357 obtentu
699 1298 806 1356 merito
825 1296 945 1356 inducta
964 1297 1115 1358 veteribus

121 1387 206 1446 uouit
232 1385 384 1465 exemplis
422 1390 571 1466 superest,
598 1392 631 1446 ut
659 1385 785 1446 sollicito
809 1387 976 1445 veneratori
999 1385 1157 1465 eulpam1o

123 1485 188 1534 rarae
210 1475 395 1536 occursionis
418 1474 582 1555 indulgeas,
604 1493 679 1554 quac
703 1493 762 1553 quo
785 1476 884 1534 minus
908 1474 1025 1535 assidue
1045 1493 1115 1536 oon-

122 1569 222 1635 speotus
240 1566 285 1624 tui
305 1570 493 1625 sacrosancta
512 1563 760 1643 contemplatione
779 1565 917 1643 potiatur,
939 1581 1018 1624 nunc
1035 1567 1115 1642 peri·

122 1646 204 1711 culum
228 1653 265 1713 de
289 1654 395 1713 vicinis
422 1653 521 1733 timet,
552 1670 632 1714 nuno
654 1652 795 1712 invidiam
819 1651 855 1712 de
878 1654 1020 1730 patronis.
1063 1652 1115 1713 sed

123 1731 150 1792 de
169 1739 209 1801 his
232 1744 337 1802 istaec:
360 1748 390 1802 et
413 1743 472 1801 iam
495 1741 587 1802 multa
606 1746 683 1802 sunt.
722 1739 750 1801 2.
770 1741 889 1800 interim
909 1740 1038 1822 Petrum,
1061 1744 1115 1802 tri·

122 1818 254 1891 huuioium
277 1831 387 1911 vIrum,
409 1831 584 1909 portitorem
607 1832 703 1891 nostri
726 1831 885 1910 sermome,
908 1831 1040 1911 insinuo,
1064 1832 1116 1910 qui
1130 1851 1157 1893 15

123 1909 146 1969 id
165 1917 255 1996 ipsum
279 1918 382 1979 sedulo
405 1921 540 1998 exposcit
558 1922 678 1999 quique,
702 1918 773 1997 quid
792 1920 905 1996 negotii
924 1919 1007 2001 terat,
1029 1938 1115 1999 prae-

123 2012 243 2068 sentaneo
278 2008 507 2088 conpendiosius
539 2015 638 2087 potest
668 2010 807 2068 intimure
835 2016 1007 2069 memoratu.
1059 2011 1116 2090 cui,

123 2102 217 2178 precor,
240 2096 320 2176 quod
343 2098 375 2156 in
397 2096 481 2156 vohis
505 2099 570 2175 opis
594 2103 648 2178 est,
671 2099 781 2157 intuitu
803 2098 926 2176 paginae
949 2100 1116 2176 praesentis

122 2184 235 2267 accedat,
262 2192 400 2247 manente
428 2192 566 2264 respectu
594 2185 787 2246 nihilominus
815 2187 985 2265 aequitatis,
1013 2193 1116 2246 contra

123 2280 193 2342 quam
213 2293 269 2336 neo
287 2276 382 2353 magis
405 2273 595 2336 familiarIum
618 2293 721 2335 causas
741 2273 947 2335 commendare
967 2276 1115 2335 consuevi.
1129 2298 1157 2338 eo

123 2368 217 2425 memor
239 2365 335 2424 nostri
357 2381 424 2424 esse
447 2362 582 2446 dignare,
606 2363 724 2424 domine
747 2382 830 2442 papa.

573 2588 646 2656 XII.

277 2711 445 2767 SIDONIUS
464 2711 655 2767 FERREOLO
675 2711 743 2766 SUO
764 2709 942 2767 SALUTEM.

174 2821 200 2886 1.
224 2825 256 2885 Si
275 2827 421 2886 amicitiae
440 2830 559 2885 nostrae
582 2827 681 2904 potius
705 2825 914 2903 affinitatiSque
939 2843 1026 2903 quam
1049 2843 1116 2904 per·

118 2916 194 3001 §tuae
211 2922 280 2976 tuae
299 2921 417 2993 tempus
437 2914 571 2974 ordinem
591 2920 700 2975 statum
719 2915 926 2995 cogitaremus,
945 2916 1011 2974 lure
1032 2913 1116 2975 vobis

117 3004 141 3053 ¹¹1
157 3001 209 3064 hoe
225 3021 324 3083 opere,
338 3003 639 3083 quantulumcumque
655 3010 708 3084 est,
722 3005 835 3082 primae
850 3002 1004 3064 titulorum
1018 3004 1115 3064 rubri·
1130 3026 1158 3066 rs

112 3093 166 3178 ite,
187 3095 283 3172 prima
306 3110 478 3153 sermonum
502 3092 598 3152 officia
622 3092 838 3153 dedicarentur.
861 3094 934 3152 isset
952 3111 1006 3172 per
1025 3095 1116 3153 avitas

108 3167 162 3241 irbi
191 3182 277 3243 stilus
308 3189 411 3242 noster
447 3180 579 3262 curuleS,
610 3184 750 3260 patricias
783 3180 975 3242 nihilomiuus
1008 3181 1116 3242 insulas

177 3377 193 3427 8
211 3370 371 3426 litterarum
389 3371 432 3441 On
448 3376 480 3425 10
499 3369 599 3424 annuit
612 3370 646 3424 N
653 3371 716 3426 VM
722 3371 779 3438 OT,
800 3370 880 3425 enuit
893 3371 921 3424 L
942 3372 952 3438 ΙΙ
976 3375 1009 3425 14
1026 3368 1117 3422 istaec

84 3416 175 3511 Eli,
193 3440 249 3496 ieta
267 3442 338 3495 haee
357 3442 449 3497 MOI*
468 3444 471 3511 Ι
492 3441 595 3496 istaec:
615 3443 644 3494 et
662 3441 719 3495 iam
739 3441 857 3498 Leonem
875 3450 983 3499 occutus
1000 3441 1125 3496 dictioni,

80 3528 87 3553 ’ν
119 3511 169 3565 18
186 3513 247 3583 opis
267 3516 311 3567 esi
328 3514 425 3583 LNT,
447 3515 491 3569 est
510 3513 573 3585 opis
594 3513 682 3590 ΜΘΗ

151 3609 316 3652 Amastrum
328 3611 363 3654 ed.
376 3613 467 3658 Mohr.
955 3606 999 3656 n
