2414 3864
137 141 181 203 42
483 138 806 195 umnasncuunua

138 293 217 351 inter
243 289 377 350 rotatiles
404 289 675 368 castastropharum
702 308 790 369 gyros
821 289 1066 374 duplicabantur,
1097 292 1150 354 buc

138 382 217 440 inter
240 378 448 439 aleatoriarum
469 396 574 439 vocum
594 380 820 457 competitiones
843 379 986 459 frequens
1006 383 1149 461 crepitan-

138 471 214 529 tium
242 467 413 528 fritillorum
440 475 681 547 tesserarumque
710 470 853 547 strepitus
875 468 1069 552 audiebatur,
1095 470 1146 531 huc

137 557 208 618 libri
230 558 341 618 allatim
363 560 395 617 in
418 563 559 635 promptu
582 550 698 640 (sidere
721 564 751 617 te
774 557 913 618 crederes
933 565 985 619 aut
1008 577 1146 638 gramma·

110 647 241 708 sticales
266 646 384 726 pluteos
412 653 463 706 aut
485 645 628 707 Athenaei
655 663 766 706 cuneos
790 653 841 707 aut
867 649 996 708 armaria
1020 654 1145 710 extructa

137 728 402 818 bybhopolarum):
434 737 477 795 sic
504 742 617 815 tamen,
645 734 738 816 quod,
765 737 817 814 qui
843 737 922 796 inter
949 743 1145 798 matronarum

137 825 293 887 cathedras
317 823 435 884 codices
458 831 551 904 erant,
574 822 661 884 stilus
684 823 731 884 his
754 823 912 904 religiosus
935 825 1143 907 inveniebatur,

137 916 190 994 qui
213 931 283 974 vero
306 931 360 992 per
383 911 523 974 subsellia
542 911 798 995 patrumfamilias,
820 913 852 974 hi
875 921 1002 975 coturno
1027 914 1142 976 Latiaris

138 1003 250 1081 eloquii
277 1001 522 1083 nobilitabantur3
554 1000 624 1063 licet
651 1007 806 1081 quaepiam
833 1001 984 1064 volumina
1013 1022 1142 1083 quorum-

97 1108 124 1148 ιο
137 1094 218 1171 piam
236 1098 389 1152 auctorum
409 1099 561 1152 servarent
579 1093 611 1151 in
630 1093 728 1152 causis
747 1091 916 1171 disparibus
935 1092 1059 1154 dicendi
1074 1094 1141 1174 pari-

137 1180 263 1242 litatem:
290 1199 358 1240 nam
386 1179 492 1241 similis
519 1182 661 1241 scientiae
684 1181 755 1262 viri,
783 1180 854 1241 binc
876 1181 1062 1260 Augustinus
1082 1182 1141 1243 binc

136 1270 238 1353 Varro,
256 1271 326 1331 binc
344 1269 485 1330 HoratIus
503 1269 574 1330 hinc
591 1269 772 1330 Prudentius
790 1269 1009 1332 lectitabantur.
1033 1269 1063 1334 5.
1078 1286 1140 1351 quos

137 1362 215 1420 iuter
242 1359 433 1420 Adamantius
461 1357 606 1438 Origenes
633 1358 779 1420 Turranio
802 1357 910 1419 Rufino
937 1361 1139 1440 interpretatus

137 1448 239 1510 sedulo
272 1448 343 1509 fidei
369 1455 488 1508 nostrae
517 1447 678 1508 lectoribus
706 1446 935 1529 inspiciebatur3
966 1452 1082 1528 pariter
1108 1454 1139 1528 et,

96 1552 122 1592 15
136 1545 225 1617 prout
257 1536 383 1616 singidis
417 1536 512 1617 cordi,
543 1536 659 1597 diversa
682 1543 839 1598 censentes
867 1537 1139 1616 sermocinabamur,

136 1646 191 1687 cur
214 1646 231 1686 a
253 1625 431 1706 quibusdam
454 1632 705 1705 protomystarum
726 1632 878 1705 nmquam
901 1644 1026 1688 scaevus
1046 1644 1137 1689 caren-

136 1715 251 1795 dusque
283 1722 426 1776 tractator
458 1714 690 1796 improbaretur,
722 1733 900 1795 quamquam
933 1717 977 1776 sic
1008 1724 1089 1778 esset
1111 1711 1139 1776 ad

135 1802 260 1864 verbum
287 1806 523 1883 sententiamque
552 1803 727 1885 translatus,
753 1811 787 1865 ut
814 1822 870 1865 nec
892 1804 1037 1884 Apuleius
1060 1805 1138 1866 Phae·

137 1894 244 1953 donem
268 1895 310 1954 sic
333 1891 464 1953 Platonis
486 1911 584 1973 neque
603 1892 716 1954 Tullius
736 1893 959 1973 Ctesiphontem
983 1897 1028 1956 sic
1047 1893 1140 1957 Demo·

95 1997 123 2037 ao
136 1981 251 2042 sthenis
269 1983 301 2042 in
315 2001 403 2043 usum
418 1981 609 2061 regulamque
623 1980 749 2043 Romani
763 1984 910 2044 sermonis
925 1985 1140 2064 exscripserint

136 2069 165 2133 6.
186 2071 293 2131 studiis
311 2071 393 2132 hisce
412 2071 484 2132 dum
496 2078 633 2132 nostrum
648 2071 758 2151 singuli
772 2073 893 2153 quique,
910 2080 1001 2152 prout
1014 2071 1141 2151 libuerat,

136 2160 366 2241 occupabantur,
384 2178 453 2222 ecce
469 2167 499 2221 et
512 2159 548 2221 ab
564 2160 760 2239 archimagiro
775 2161 946 2242 adventans,
965 2163 1018 2240 qui
1032 2169 1140 2242 tempus

135 2252 247 2310 instare
277 2249 400 2310 curandi
428 2267 552 2330 corpora
579 2257 728 2331 moueret,
755 2267 844 2328 quem
867 2249 989 2329 quidem
1011 2254 1141 2314 nuntium

134 2358 189 2418 per
213 2340 307 2419 spatia
330 2338 501 2418 clepsydrae
524 2338 666 2398 horarum
689 2339 874 2399 incrementa
893 2347 1065 2401 servantem
1083 2357 1141 2421 pro·

94 2442 120 2482 2⁵
134 2428 222 2490 habat
250 2435 453 2508 competenter
480 2430 649 2506 ingressum
677 2429 779 2506 quinta
807 2427 986 2506 digrediens.
1022 2428 1141 2508 prande·

134 2516 239 2577 bamus
257 2517 388 2579 breviter
407 2519 536 2597 copiose,
555 2519 737 2577 senatorium
753 2516 789 2577 ad
804 2535 928 2598 morem,
946 2534 1006 2595 quo
1026 2519 1143 2580 insitum

134 2607 362 2686 institutumque
390 2605 498 2667 multas
530 2605 632 2685 epulas
660 2607 763 2685 paucis
790 2605 999 2686 parabsidibus
1031 2607 1144 2688 apponi,

135 2697 269 2773 quamvis
297 2697 464 2756 conuiuium
491 2713 546 2774 per
573 2693 670 2755 eduha
696 2713 776 2755 nunc
804 2713 869 2755 assa
895 2712 974 2756 nunc
998 2696 1143 2758 iurulenta

134 2787 272 2844 varietur.
309 2787 388 2845 inter
414 2783 577 2845 bibendum
599 2783 851 2865 narratiunculae,
879 2802 1005 2863 quarum
1028 2787 1145 2865 cognitu

94 2888 121 2927 so
134 2871 331 2934 hilararemur
349 2875 584 2953 institueremur,
603 2874 671 2952 quia
690 2892 741 2934 eas
754 2872 891 2934 bilariam
905 2872 1018 2935 orditas
1037 2873 1145 2936 laetitia

134 2962 300 3041 peritiaque
324 2961 548 3023 comitabantur.
587 2961 659 3040 quid
682 2959 797 3023 multa?
833 2968 934 3023 sancte
953 2961 1079 3041 pulchre
1099 2963 1145 3025 ab·

134 3049 281 3110 undanter
309 3050 535 3131 accipiebamur.
584 3049 612 3111 7.
640 3050 709 3111 inde
738 3059 907 3131 surgentes,
935 3053 962 3111 si
989 3050 1147 3132 Vorocingi

208 3228 221 3274 1
240 3221 295 3274 hac
313 3222 385 3276 idem
397 3223 437 3290 l3
456 3223 510 3276 hac
529 3222 654 3290 1111111118
672 3220 715 3293 hi]
734 3220 756 3274 ii
774 3221 872 3292 Llllb
891 3221 1150 3279 sermocinabamnr

134 3293 208 3361 LM,
228 3291 488 3346 sermocinabantur
501 3292 535 3347 N
537 3291 591 3346 OT
602 3298 611 3360 11
628 3298 659 3346 19
679 3291 720 3346 sic
734 3292 941 3363 ctesiphontem
957 3292 1048 3362 0126
1069 3311 1149 3352 senn-

133 3363 250 3433 torium]
271 3363 412 3418 seniorum
432 3363 537 3435 Facie,
557 3363 694 3418 Saliarem
714 3365 879 3433 Gautafsma
901 3368 911 3433 1
934 3370 968 3419 27
986 3365 1150 3434 parabsidi-

133 3435 185 3490 bus
204 3435 308 3504 LVM,
328 3433 525 3504 paropsidibus
546 3437 598 3490 OT
619 3439 628 3504 1
656 3442 689 3490 29
710 3435 868 3490 variaretur
886 3437 913 3490 Τ
936 3439 947 3507 1
973 3441 1009 3490 30
1026 3437 1150 3494 instrue·

124 3522 223 3559 remur
238 3508 272 3561 Τ
287 3510 305 3580 1
328 3511 365 3563 32
384 3505 532 3580 vorocingi
555 3507 649 3564 LNT
670 3511 752 3578 (cora.
770 3524 805 3562 eac
825 3506 966 3574 voroangi
980 3508 1048 3576 'i'¹t,
1067 3527 1152 3568 voro·
