2414 3864
132 159 302 217 SIDONIUS
319 160 466 219 DOMINO
485 161 604 216 PAPAE
624 160 768 216 GRAECO
788 160 965 217 SALUTEM.
1012 163 1074 226 141

76 319 183 391 tetens,
215 317 248 371 ut
279 311 478 371 conscientiae
510 317 579 371 tuae
605 309 756 371 beatitudo
784 312 882 372 mittat
909 313 1076 372 orationum

76 417 185 461 uarum
209 399 361 479 suffragia,
389 399 498 478 quibus
526 397 660 478 exempla
682 401 855 460 transmisit.
903 398 931 461 7.
955 406 986 460 et
1008 402 1077 479 quia

75 487 116 550 ibi
140 486 200 548 soli
222 505 365 548 concessa
387 495 433 549 est
454 494 523 568 post
545 506 666 549 avorum
692 491 867 549 memoriam
892 488 939 548 vel
961 489 1076 549 confes·

76 595 162 638 orem
184 575 384 657 Ambrosium,
407 576 533 638 duorum
556 584 720 656 martyrum
738 584 932 657 repertorem,
953 579 986 637 in
1008 595 1076 657 par·
1164 569 1170 578 ’

76 664 142 728 ibus
167 665 250 726 orbis
273 666 390 727 occidui
412 668 551 746 martyris
573 665 706 727 Ferreoli
733 665 827 727 solida
848 664 1002 727 translatio
1026 666 1076 727 ad·
1104 684 1117 724 s

76 762 139 816 ecto
163 756 260 815 nostri
279 756 375 834 capite
393 754 508 835 luliaui,
531 755 610 834 quod
629 757 719 816 istinc
736 753 908 816 turbulento
927 754 1076 834 quondam

76 845 250 922 persecutori
272 861 378 905 manus
400 843 516 905 rettulit
534 850 657 904 cruenta
676 844 833 925 carnificis,
855 862 916 905 non
934 845 1077 904 iniurium

76 940 121 1012 est,
149 932 230 1012 quod
256 950 311 1011 pro
339 935 578 1012 compensatione
607 933 809 1013 deposcimus,
836 940 870 994 ut
897 931 983 993 nohis
1005 932 1076 992 inde

76 1023 162 1081 veniat
183 1039 254 1100 pars
276 1023 444 1102 patrocinii,
467 1023 537 1101 quia
559 1020 643 1082 vobis
666 1021 735 1082 hinc
754 1022 844 1082 rediit
861 1040 930 1101 pars
949 1024 1076 1101 patroni.

76 1126 177 1170 memor
200 1111 297 1171 nostri
319 1128 386 1171 esse
409 1111 545 1192 dignare,
567 1111 686 1172 domine
710 1128 794 1191 papa.
1090 1131 1116 1170 ro

552 1353 593 1419 Π.

152 1473 323 1530 SIDONIUS
340 1475 485 1531 DOMINO
504 1475 624 1531 PAPAE
643 1475 787 1531 GRAECO
808 1474 985 1530 SALUTEM.

134 1587 160 1648 1.
190 1585 317 1669 Oneras,
345 1591 633 1650 consummatissime
656 1590 846 1670 pontificum,
868 1588 1078 1649 verecundiam

79 1691 170 1759 neam,
192 1675 354 1738 multifaria
372 1677 458 1739 laude
478 1677 663 1759 cumulando,
687 1681 713 1738 si
737 1678 808 1757 quid
828 1678 896 1739 stilo
915 1679 1077 1738 rusticante

79 1778 250 1839 peraravero.
292 1773 380 1845 atque
403 1769 517 1828 utinam
540 1774 625 1828 reatu
648 1775 755 1847 careat,
778 1767 857 1847 quod
881 1769 998 1846 apicum
1016 1768 1077 1845 pri·

78 1868 147 1916 more
175 1872 340 1933 congressu
368 1873 545 1935 quamquam
576 1858 819 1935 circumscriptus
842 1858 961 1916 veritati
983 1855 1077 1917 resul-
1092 1875 1118 1916 ra

78 1943 157 2004 tantia
175 1951 276 2004 tamen
295 1951 325 2004 et
342 1943 459 2005 diversa
477 1946 616 2025 conexui3
635 1946 818 2023 ignorantiae
834 1945 981 2024 siquidem
995 1963 1078 2005 meae

79 2031 190 2094 callidus
214 2035 309 2092 viator
331 2035 481 2112 immsuit.
511 2052 579 2094 nam
598 2034 668 2094 dum
688 2034 784 2095 solum
801 2036 976 2094 mercatoris
994 2052 1078 2112 prae·

78 2121 160 2183 tendit
183 2122 329 2202 officium,
356 2121 470 2182 litteras
497 2141 578 2183 meas
606 2123 642 2183 ad
665 2123 805 2183 formatae
829 2125 936 2203 vicem,
965 2121 1080 2182 scilicet

79 2215 105 2268 ut
128 2210 235 2292 lector,
263 2209 380 2292 elicuit,
409 2210 461 2271 sed
489 2230 561 2290 quas
590 2210 717 2290 aliquam
745 2213 905 2290 gratiarum
933 2213 1080 2271 actionem

80 2301 220 2360 continere
240 2298 398 2360 decuisset.
436 2318 573 2381 namque,
594 2307 629 2361 ut
646 2307 714 2379 post
732 2303 873 2380 comperi,
890 2298 957 2378 plus
975 2299 1079 2358 Massi·
1093 2320 1119 2358 ao

80 2380 206 2449 lensium
231 2387 415 2466 benignitate
443 2390 593 2468 proiectus
621 2397 680 2470 est,
711 2406 798 2468 quam
826 2395 919 2448 status
951 2389 997 2448 sui
1025 2405 1080 2448 seu

81 2489 272 2550 percensum
300 2495 354 2537 seu
380 2495 435 2556 per
462 2478 603 2538 familiam
625 2478 720 2538 forma
742 2484 903 2556 pateretur.
949 2475 979 2536 2.
1004 2494 1079 2554 quae

83 2567 165 2626 1111111
187 2573 221 2627 ut
245 2572 327 2644 gesta
351 2568 469 2626 suntsi
493 2569 641 2646 quispiam
664 2567 771 2645 dignus
795 2564 904 2625 relator
923 2565 1080 2646 evolveret,

85 2647 173 2715 fierent
198 2654 328 2716 iucunda
355 2663 527 2716 memoratu.
567 2653 626 2715 'sed
650 2657 790 2733 quoniam
811 2653 921 2714 iubetis
945 2655 1017 2735 ipsi,
1046 2661 1081 2714 ut

87 2736 177 2820 alquid
200 2742 285 2804 vobIs
309 2761 325 2804 a
348 2762 395 2804 me
419 2743 529 2805 laetum
548 2746 760 2823 copiosumque
779 2745 886 2822 pagina
903 2743 988 2824 ferat,
1011 2743 1077 2803 date
1094 2763 1120 2804 25

88 2832 195 2913 venum,
224 2834 251 2893 si
273 2832 349 2892 hauc
372 2834 468 2912 ipsam
490 2833 637 2893 tabellarii
659 2835 755 2893 nostri
777 2831 1008 2910 hospitalitatem
1032 2851 1080 2893 co-

91 2917 156 2980 micis
178 2920 289 2982 salibus
318 2921 545 3001 comparandam
568 2921 646 2982 salva
669 2929 834 2981 vestrarum
857 2923 974 2982 aurium
998 2940 1080 2982 seve-

92 3003 157 3069 ritae
173 3011 418 3091 perstrIngamus,
436 3029 474 3071 ne
494 3010 624 3071 secundo
642 3013 825 3071 insinuatum
843 3028 903 3070 non
921 3029 1001 3071 nunc
1020 3013 1080 3090 pri-

93 3104 154 3156 mum
174 3117 260 3160 nosse
284 3098 445 3160 videamur.
491 3099 579 3161 simul
603 3108 645 3181 et,
669 3101 695 3159 si
718 3101 810 3160 moris
833 3106 879 3159 est
902 3099 1080 3180 regularum,

147 3307 209 3374 lcf.
230 3307 311 3378 Grep.
332 3308 398 3363 Tau.
418 3309 451 3363 de
473 3308 566 3363 sictut.
587 3307 614 3362 S.
633 3308 744 3362 Iuliani
760 3312 817 3363 c2
840 3309 850 3377 ΙΙ
873 3313 890 3360 4
907 3308 989 3376 parte
1008 3306 1036 3358 P
1056 3311 1081 3360 et

95 3376 148 3422 Otr·
163 3383 190 3430 ut
205 3395 230 3433 c.
248 3395 283 3433 cx
300 3377 376 3447 parti
395 3379 465 3448 M1ss
487 3384 517 3431 11
538 3395 578 3448 ep.
593 3380 632 3432 Π
645 3385 730 3432 totam
748 3395 798 3434 om.
813 3379 879 3433 LN
884 3378 938 3432 VT
949 3380 958 3446 l
973 3381 1007 3429 24
1025 3375 1081 3444 ipsi

95 3429 258 3517 Machaon,
280 3447 342 3518 ipse
361 3451 437 3506 codd.
465 3453 475 3520 l
502 3454 536 3504 28
558 3466 615 3504 non
637 3449 736 3521 OPE,
757 3455 838 3508 1111
853 3450 902 3519 M,
920 3464 976 3502 nos
993 3447 1054 3501 Leo
1072 3448 1099 3513 N

95 3505 122 3557 ²9
135 3516 207 3572 moris
225 3524 268 3574 est
283 3519 442 3590 regularum
460 3523 511 3580 1111
527 3527 655 3598 11111111
