2414 3864
506 126 656 183 CARMEN
674 127 720 183 XI.

589 342 629 406 X.

105 467 311 525 PRAEFATIO
330 464 570 522 EPITHALAMII
587 463 687 518 Dicor
704 463 853 519 RURICIO
873 463 922 518 ΕΤ
940 464 1130 520 HIBERIAL

171 581 349 645 Flucticolae
373 598 440 640 cum
464 579 538 640 festa
560 596 654 638 nurus
677 577 823 658 Pagasaea
846 597 901 657 per
925 586 1010 640 antra

237 689 311 750 rupe
336 669 390 729 suh
412 667 548 728 Emathia
570 665 673 728 Pelion
697 667 854 748 explicuit,

172 758 346 839 angustabat
368 757 491 818 humum
514 774 655 835 superum
679 759 751 816 satis
775 755 872 836 ampla
896 757 1049 839 supellex3

239 846 391 909 certabant
414 848 493 924 gazis
515 844 586 905 hinc
609 844 694 924 polus
717 845 787 906 hinc
810 843 948 927 pelagus3

137 951 152 999 5
173 937 356 1015 ducebatque
381 934 487 995 choros
509 933 598 994 viridi
620 952 712 1014 prope
736 941 833 995 tectus
856 937 970 996 amictu

238 1023 391 1086 caeruleae
414 1023 507 1102 pallae
531 1021 671 1083 concolor
693 1025 757 1102 ipse
781 1041 881 1104 socer;

170 1114 299 1194 nympha
322 1130 439 1193 quoque
466 1115 498 1171 in
521 1111 664 1172 thalamos
692 1114 815 1172 veniens
839 1111 875 1171 de
899 1115 1020 1192 gurgite
1043 1132 1130 1180 numa

237 1203 336 1264 vestiti
360 1203 458 1279 coepit
480 1200 613 1260 membra
636 1202 743 1261 timere
766 1203 830 1261 viri.

170 1300 234 1354 tum
257 1291 358 1352 divum
381 1292 560 1368 quicumque
584 1289 684 1349 aderat
706 1297 822 1350 terrore
846 1296 963 1350 remoto

120 1394 152 1444 10
238 1400 296 1460 quo
320 1381 386 1458 quis
410 1377 538 1458 pollebat
561 1377 632 1437 lusit
654 1380 685 1438 in
709 1378 816 1440 officio.

170 1470 303 1549 luppiter
326 1469 425 1529 emisit
447 1466 581 1546 tepidum
604 1468 669 1527 sine
693 1467 824 1546 pondere
848 1467 962 1529 fulmen

238 1565 268 1618 et
291 1558 378 1617 dixit:
402 1551 521 1616 ‘melius
544 1573 624 1616 nunc
647 1556 790 1634 Cytherea
814 1552 910 1617 calet'

170 1647 273 1707 Pollux
296 1653 359 1706 tum
383 1652 484 1705 caestu
507 1643 654 1726 laudatus,
678 1644 783 1705 Castor
804 1645 943 1726 haheniS,

238 1734 331 1795 Pallas
355 1741 418 1794 tum
441 1735 556 1814 cristis,
579 1733 661 1794 Delia
683 1740 746 1794 turn
769 1736 933 1816 pharetris;

119 1837 151 1885 15
170 1824 287 1885 Alcides
311 1824 402 1902 clava,
426 1822 541 1882 Mavors
564 1829 627 1882 tum
650 1822 722 1882 lusit
744 1824 776 1882 in
798 1822 896 1904 hasta,

236 1912 326 1972 Arcas
350 1918 413 1971 tum
437 1913 531 1991 virga,
554 1911 677 1971 nebride
701 1918 765 1971 tum
787 1910 933 1973 Bromius

170 2001 218 2062 hic
242 2009 272 2061 et
293 1999 439 2079 Pipliadas
462 2000 619 2060 induxerat
643 2003 771 2080 optimus
795 2000 933 2080 Orpheus

236 2088 368 2169 chordis,
391 2107 476 2169 voce,
499 2106 601 2170 manu,
625 2087 820 2171 carminibus,
845 2089 973 2151 calamis.

98 2218 100 2223 -
170 2178 344 2240 ambitiosus
367 2176 481 2255 Hymen
504 2183 581 2237 totas
604 2177 646 2238 ihi
669 2177 794 2239 contulit
817 2186 909 2260 artes3

117 2281 150 2331 20
237 2269 370 2347 quinon
393 2268 525 2347 ingenio,
549 2266 610 2327 iors
633 2265 743 2346 placuit
766 2271 862 2346 genio.

169 2357 353 2417 Fescennina
375 2362 475 2414 tamen
497 2373 558 2414 non
582 2367 652 2415 sunt
675 2356 815 2439 admissa,
839 2358 1007 2436 priusquam

235 2447 365 2505 intonuit
388 2443 473 2504 solita
496 2451 598 2504 noster
620 2444 722 2523 Apollo
746 2444 816 2524 lyra.

578 2670 633 2735 XI.

461 2792 750 2847 EPITHALAMIUM.

189 2906 270 2967 lnter
293 2907 436 2986 Cyaneas,
459 2905 613 2985 Ephyraea
636 2908 801 2987 cacumina,
826 2914 926 2967 cautes

190 3013 246 3073 qua
270 3013 359 3074 super
381 2995 506 3055 idalium
529 2994 605 3055 levat
627 2994 783 3074 Orithyion
807 2997 838 3054 in
862 2995 993 3057 aethram

189 3086 271 3144 exesi
294 3084 353 3144 sale
376 3087 486 3144 montis
510 3101 598 3165 apex,
622 3084 674 3144 ubi
696 3085 772 3144 iorte
796 3091 950 3163 vagantem

154 3181 276 3250 satque
299 3180 502 3234 recurrentem
525 3180 691 3234 ructantem
714 3172 749 3234 ad
773 3192 862 3234 rauca
885 3172 1016 3252 Maleam,

171 3343 197 3396 X
212 3347 244 3397 17
263 3342 409 3412 Pipliadas
420 3344 611 3414 Lachetem,-
628 3343 776 3414 pepliodas
791 3345 867 3400 codd.
882 3347 892 3414 l
905 3345 944 3399 XI
959 3349 974 3398 2
988 3336 1090 3398 orithion

98 3414 174 3470 codd.
197 3416 207 3485 ll
229 3433 252 3471 o.
270 3418 287 3469 5
304 3414 468 3471 Buechelero
487 3417 616 3471 suadente
635 3422 699 3470 ante
716 3434 739 3472 o.
755 3418 871 3485 dposuc'
891 3417 895 3486 Ι
918 3413 1091 3471 tractantem

92 3503 152 3560 epe,
170 3486 315 3544 ructatum
334 3487 411 3544 codd.
426 3487 470 3560 lx.
486 3487 544 3560 Ml
558 3485 656 3542 auxios,
669 3487 747 3540 mala
764 3502 827 3540 eam
846 3486 897 3558 Fu
