2414 3864
497 157 710 212 romulum.
844 135 855 156 '
1021 159 1111 214 xxix

87 316 160 387 gata
190 307 278 378 lectio
307 310 355 367 vix
383 313 481 386 potest
508 306 637 366 delendi.
683 305 749 386 lpse
773 305 837 368 coll.
862 325 907 386 ep.
926 307 975 388 lx,
993 305 1064 388 3,4
1091 328 1110 369 c

88 399 215 458 saeculi
231 400 328 458 lucris
352 398 537 456 conieceram
559 399 679 457 saeculi
699 400 786 457 lucro
815 394 1006 457 scribendum
1035 416 1111 458 esse.

91 520 136 528 —
151 485 185 565 V,
205 482 235 566 9,
255 483 275 547 3
299 491 403 545 contra
420 483 444 544 L
463 503 498 545 ex
521 483 646 563 reliquis
670 483 822 545 codicibus
845 483 1006 561 utriusque
1025 489 1110 547 resti-

91 577 147 635 tui.
173 609 216 616 —
241 574 273 654 V,
288 570 340 654 10,
359 572 379 635 2
403 578 463 635 iam
486 578 577 635 etium
601 592 668 633 cum
692 574 770 652 apud
789 573 972 655 Ciceronem,
994 574 1110 635 Livium

93 657 148 747 (cl.
174 661 325 743 Zingerle,
349 659 403 722 ‘kt
426 662 496 742 phil.
520 657 676 723 abhandl?
698 662 735 722 lV
753 682 780 742 p,
800 654 872 745 45),
895 662 1110 733 Quintilianum

94 754 280 832 inveniatur,
308 770 367 812 non
396 751 495 832 video,
526 770 579 812 cur
605 750 754 812 levissima
778 753 866 812 unius
890 752 912 812 C
936 755 1110 813 auctoritate

93 843 159 902 nixi
190 860 207 901 a
235 840 358 901 Sidonio
386 839 599 902 abiudiccmus.
645 840 766 902 Accedit
789 841 866 920 quod
891 859 1112 920 nonnumquam

95 932 189 991 etiam
213 930 291 1009 apud
314 931 496 1009 posteriores
525 932 688 1009 scriptores
716 932 859 1010 occurrit,
885 937 919 991 ut
948 930 1024 1010 apud
1053 931 1113 992 Alc

94 1015 530 1099 torquentemque
544 1021 676 1096 prophet
677 1037 765 1079 orum
780 1022 980 1095 temporalem
999 1022 1029 1080 io
1042 1020 1112 1081 Cod

95 1107 263 1188 Tbeod.X,
286 1104 481 1188 01‚192am
504 1112 675 1169 etiamsed
701 1127 754 1168 scre
756 1111 851 1169 tentia
883 1101 934 1190 (cl.
962 1108 1113 1170 Claudian.

96 1217 188 1258 carm.
208 1155 280 1277 vid,
301 1194 413 1259 1652
384 1200 475 1258 ettam
501 1200 564 1257 iem
585 1199 737 1268 t.-cm)
694 1194 797 1256 -.lh
821 1195 983 1277 contraL,
1011 1201 1116 1277 quiet

96 1306 170 1352 cero
199 1284 301 1365 habet,
329 1293 358 1346 et
386 1304 457 1346 vere
480 1287 611 1366 restitui,
635 1294 665 1346 et
688 1287 756 1364 quia
780 1284 919 1346 Sidonius
944 1295 1114 1348 constanter

96 1376 153 1436 hac
181 1375 331 1435 locutione
359 1376 454 1434 utitur
477 1382 507 1434 et
530 1377 599 1453 quia
622 1381 690 1434 ante
713 1383 763 1450 opt
765 1379 841 1435 imus
864 1373 1042 1435 librariust
1028 1375 1113 1436 facile

96 1482 201 1525 errare
220 1466 324 1543 potuit.
349 1497 390 1505 —
414 1462 455 1524 lb.
480 1461 500 1524 3
524 1466 636 1544 ambio,
665 1463 744 1541 quod
768 1465 799 1522 in
821 1462 844 1522 L
868 1470 927 1544 est,
954 1464 1113 1543 repudian-

96 1553 185 1633 dum,
208 1556 328 1628 ambico
352 1555 513 1631 genuinum
537 1571 603 1613 esse
628 1551 702 1611 mihi
725 1570 902 1631 persuasum
926 1561 980 1613 est
1026 1553 1113 1614 Modo

97 1645 182 1702 enim
210 1641 350 1702 Sidonius
379 1641 507 1720 Sapaudi
535 1641 696 1701 dictionem
724 1640 861 1701 laudibus
889 1642 1016 1702 efferens
1040 1643 1115 1703 dixit

96 1730 319 1811 Palaemonem,
342 1729 519 1810 Gallionem,
547 1729 750 1812 Delphidium,
778 1730 851 1790 alios
881 1749 948 1790 cum
976 1750 1011 1791 eo
1035 1750 1113 1792 com-

96 1822 201 1900 parari
223 1838 284 1880 non
310 1837 408 1899 posse.
453 1819 512 1879 Sed
540 1837 577 1879 ne
605 1821 731 1880 nimium
754 1817 799 1878 illi
820 1818 949 1880 blandiri
971 1820 1115 1902 videatur,

97 1909 184 1969 addit
202 1908 258 1969 hoc
278 1927 309 1968 se
330 1909 494 1968 concedere
514 1907 689 1978 Quintiliani
708 1909 899 1968 acrimoniam
918 1927 1114 1989 pompamque
1160 1908 1163 1914 ’

96 1996 224 2058 Palladii
238 2000 266 2057 ei
284 1996 534 2076 aequiperabilem
549 2015 623 2057 esse.
651 2000 820 2072 Adquiesce
835 1999 926 2075 igitur
941 1990 999 2080 (=
1014 2017 1115 2059 assen-

96 2089 169 2167 tior,
188 2079 333 2170 concedo)
353 2085 491 2166 postulat,
514 2095 547 2146 ut
565 2085 684 2165 aliquod
703 2085 827 2146 verbum
846 2093 1021 2168 opponatur,
1036 2089 1114 2166 quod

97 2177 282 2236 contrariam
300 2177 359 2235 vim
378 2174 547 2254 ambigendi
565 2177 584 2235 i.
600 2194 625 2236 e.
639 2175 766 2254 negandi
784 2173 899 2236 haheat.
915 2208 956 2217 -
972 2176 1003 2256 V,
1025 2174 1076 2258 14,
1094 2177 1115 2239 2

98 2263 325 2342 Luetjohannus
353 2282 413 2324 non
445 2270 526 2325 recte
557 2268 808 2326 reverendissimo
839 2266 966 2342 scripsit.
1013 2265 1055 2325 cf.
1079 2267 1115 2326 de

101 2353 284 2432 superlativo
303 2357 563 2414 reverentissimos
577 2351 823 2431 Neue-Wagencr
836 2351 871 2432 ll,
884 2351 959 2433 1213
978 2352 1117 2432 Engelbr.

99 2443 119 2502 Ι.
139 2441 158 2502 Ι.
178 2461 206 2522 p.
228 2439 278 2502 11.
298 2475 339 2484 —-
363 2440 969 2518 1551191515αιίᾳιιαε....ῘΙριιῐο
995 2447 1117 2518 pariter

100 2539 195 2606 atque
218 2534 373 2593 hortuloni
394 2550 454 2593 non
478 2534 613 2606 oportuit
636 2534 798 2592 convenire
821 2532 915 2589 miror
938 2528 1116 2609 Luetjohan-

98 2638 175 2681 num
197 2627 321 2698 propter
343 2638 403 2681 non
426 2623 458 2680 in
481 2613 521 2679 ΙΙ2
545 2638 568 2680 s.
587 2618 604 2679 1.
624 2620 755 2680 additum
776 2622 817 2679 ita
841 2619 1010 2700 offendisse,
1029 2627 1062 2681 ut
1085 2625 1117 2683 in

99 2709 200 2770 adnot.
220 2715 365 2787 proponat
384 2704 463 2790 [cd]
473 2727 550 2785 quos
568 2756 575 2768 .
591 2756 598 2768 .
613 2756 619 2769 .
636 2756 642 2768 .
662 2705 760 2790 [oon]
775 2711 916 2785 oportuit.
929 2743 970 2751 —
990 2709 1021 2789 V,
1036 2706 1114 2791 15‚1

100 2816 162 2878 qua
190 2797 226 2857 de
258 2816 345 2858 causa
372 2798 452 2858 idem
480 2806 508 2858 te
536 2796 705 2878 secluserit,
735 2798 846 2858 nescio.
892 2793 1057 2859 Dominum
1089 2810 1118 2862 te

100 2890 179 2948 milti
199 2889 317 2962 sibique
340 2905 524 2948 communem
548 2886 584 2946 de
602 2885 723 2946 Ruricio
745 2886 857 2946 dictum
882 2895 928 2946 est
950 2887 1117 2950 urbanitate

101 2975 154 3036 illa
173 2983 236 3036 tum
255 2977 457 3037 usitatissima.
486 2975 528 3036 Cf.
549 2994 594 3054 ep.
613 2975 658 3056 IV,
673 2975 702 3056 2,
718 2974 746 3056 1,
765 2974 817 3035 ubi
836 2975 1015 3037 Claudianus
1035 2977 1118 3039 Sido·

103 3067 190 3125 nium
203 3062 302 3124 verbis
322 3071 351 3125 te
369 3068 521 3127 dommum
540 3083 637 3126 meum
656 3064 824 3143 alloquitur.
844 3098 886 3106 —
901 3064 933 3145 V,
945 3063 995 3145 16,
1009 3064 1030 3127 2
1045 3073 1117 3130 ette-

103 3158 174 3214 rior
192 3155 224 3212 in
243 3157 335 3215 citior
353 3160 467 3214 mutare
488 3172 739 3233 supervacaneum
758 3156 854 3213 visum
878 3161 933 3234 cst,
952 3157 1020 3233 quia
1039 3157 1118 3217 idem

103 3241 183 3303 valet
206 3242 284 3321 quod
300 3247 391 3319 prior
395 3265 407 3314 ;
425 3244 462 3302 cf.
477 3262 522 3322 ep.
537 3242 572 3324 ΙΙ,
589 3242 638 3323 14,
656 3244 672 3304 1
694 3251 795 3304 aetate
814 3247 966 3304 citeriore.
983 3278 1024 3285 -
1040 3244 1080 3305 lb.
1097 3248 1117 3304 4

102 3331 141 3392 ad
166 3329 256 3390 verba
279 3334 354 3392 cotis
377 3335 409 3393 ire
432 3351 588 3393 commune
611 3335 775 3409 deposcens
804 3331 839 3391 cl.
864 3334 953 3391 etiam
975 3331 1117 3412 Panegyr.

101 3441 130 3500 p.
157 3416 229 3501 146,
248 3417 291 3480 29
316 3413 376 3502 (ed.
400 3415 518 3504 Baehr.)
541 3424 599 3483 lece
618 3469 624 3481 .
645 3468 651 3482 .
671 3470 678 3484 .
698 3424 780 3484 omrai
801 3428 944 3486 colorem
966 3441 1131 3499 occucupa-

101 3514 186 3570 tione
204 3512 392 3581 decernebant
411 3544 451 3551 —
467 3509 493 3590 V,
516 3509 596 3595 17,t
620 3513 657 3577 dc
679 3535 840 3597 quamque
862 3524 890 3581 et
910 3534 941 3577 u.
955 3510 1161 3595 opium.
