2392 3854
135 142 155 204 6
503 139 613 194 urana
632 139 777 197 antuus,
870 174 872 178 »

134 307 269 350 acroama
294 287 382 350 simul
406 291 533 370 intonat3
556 288 655 350 nullus
680 288 723 349 ibi
742 288 861 368 lyristes
880 287 1036 349 choraules
1055 305 1153 348 meso-

134 373 242 439 chorus
265 380 472 457 tympauistria
495 377 618 457 psaltria
641 380 730 458 canit,
752 395 823 456 rege
847 376 943 437 solum
962 376 1023 437 illis
1042 376 1153 438 fidibus

134 467 271 548 delinito,
299 467 408 546 quibus
435 485 495 527 non
519 469 618 528 minus
641 467 752 527 mulcet
779 468 873 526 virtus
902 469 1035 526 animum
1064 485 1154 545 quam

134 564 238 617 cantus
267 557 409 617 auditum.
462 553 512 618 10.
542 574 610 616 cum
638 557 816 635 surrexerit,
842 555 962 615 inchoat
990 562 1153 616 nocturnas

108 645 232 706 saulica
256 664 326 725 gaza
349 645 511 727 custodias3
539 646 645 705 armati
672 646 771 723 regiae
795 643 900 705 domus
924 642 1055 704 aditibus
1079 647 1154 704 assi-

135 741 231 813 stunt,
257 733 365 814 quibus
388 735 478 795 horae
502 736 593 813 primi
617 735 733 813 soporis
761 732 969 812 vigilabuntur.
1017 732 1070 793 sed
1093 735 1155 793 iam

134 823 206 902 quid
229 842 311 883 meas
335 823 415 884 istud
439 823 475 884 ad
498 830 615 903 partes,
643 825 695 901 qui
717 822 773 882 tibi
796 821 952 882 indicanda
975 840 1036 882 non
1060 821 1153 882 multa

134 912 170 972 de
204 930 296 990 regno
330 912 382 972 sed
414 930 507 991 pauca
540 906 576 972 de
607 929 676 990 rege
706 908 853 990 promisi?
899 910 988 971 simul
1021 919 1051 972 et
1084 911 1153 971 stilo

135 1000 226 1060 linem
249 1001 315 1061 fieri
339 1000 432 1082 decet,
457 1004 526 1081 quia
550 1009 579 1061 et
601 1008 635 1060 tu
658 1018 837 1080 cognoscere
860 1001 917 1059 viri
940 1018 1001 1060 non
1025 999 1154 1080 amplius

94 1120 120 1157 10
135 1108 223 1168 quam
251 1091 349 1151 studia
381 1108 598 1169 personamque
626 1088 746 1150 voluisti
773 1096 803 1150 et
830 1107 884 1168 ego
912 1107 973 1149 non
996 1089 1154 1150 historiam

134 1179 186 1238 sed
210 1179 368 1258 epistulam
392 1181 510 1240 efficere
534 1180 642 1239 curavi.
689 1179 760 1239 vale.

612 1404 670 1471 ΙΠ.

307 1527 476 1583 stooutus
495 1528 683 1584 ruinario
703 1527 772 1583 suo
794 1525 971 1582 saturnu.

201 1658 228 1719 1.
252 1657 265 1717 Ι
289 1677 367 1718 nuno
392 1658 560 1737 etlegibus
584 1678 631 1719 me
656 1658 784 1720 ambitus
808 1659 1024 1736 interrogatum
1044 1667 1153 1720 senatu

132 1764 230 1826 move,
263 1765 317 1807 cur
345 1746 552 1824 adipiscendae
581 1748 718 1827 dignitati
745 1748 942 1807 hereditariae
971 1749 1053 1807 curis
1081 1767 1151 1827 per·

93 1862 118 1903 15
133 1834 272 1913 vigilibus
296 1834 478 1916 incumbam,
508 1838 556 1895 cui
579 1844 663 1915 pater
692 1854 791 1917 socer,
819 1854 890 1897 avus
913 1853 1042 1914 proavus
1065 1855 1152 1915 prae·

132 1925 256 1984 lecturis
279 1923 401 1984 urbanis
424 1927 689 2005 praetorianisque,
712 1927 893 2003 magisteriis
911 1923 1053 1985 Palatinis
1073 1926 1152 1987 mili·

131 2011 305 2091 taribusque
329 2015 506 2073 micuerunt.
553 2010 582 2073 2.
607 2021 635 2073 et
660 2031 729 2074 ecce
753 2012 938 2074 Gaudentius
962 2032 1057 2095 meus,
1081 2014 1152 2076 hac·

131 2109 219 2162 tenus
251 2108 366 2161 tantum
398 2101 594 2182 tribunicius,
627 2104 802 2163 oscitantem
834 2111 1007 2163 nostrorum
1041 2106 1151 2165 civium

132 2190 277 2251 desidiam
308 2193 456 2251 vicariano
494 2192 577 2270 apice
610 2192 802 2252 transcendit.
857 2193 996 2251 mussitat
1028 2192 1150 2271 quidem

91 2309 118 2350 20
133 2283 273 2341 iuvenum
300 2287 471 2341 nostrorum
500 2279 609 2340 calcata
638 2283 836 2362 generositaS,
869 2280 921 2340 sed
951 2283 1002 2360 qui
1030 2284 1151 2342 transiit

132 2370 321 2451 derogantes,
353 2371 384 2429 iu
416 2369 472 2430 hoc
501 2368 596 2430 solum
624 2377 772 2451 movetur,
805 2376 839 2430 ut
872 2369 1005 2447 gaudeat.
1058 2373 1150 2449 igitur

131 2467 310 2520 venerantur
347 2459 500 2538 hucusque
538 2466 741 2538 contemptum
773 2477 807 2518 ac
843 2457 957 2518 subitae
990 2465 1147 2539 stupentes

132 2548 207 2607 dona
236 2549 384 2624 fortunae,
416 2566 504 2627 quern
533 2566 676 2609 consessu
704 2545 920 2627 despiciebant,
952 2546 1022 2607 sede
1052 2551 1149 2627 suspi-

132 2639 222 2697 ciunt.
275 2637 325 2698 ille
359 2637 456 2698 obiter
489 2644 665 2698 stertentum
699 2635 912 2696 oblatratorum
945 2654 1033 2696 aures
1066 2639 1149 2698 rauci

91 2753 118 2793 25
131 2743 203 2785 voce
226 2728 382 2805 praeconis
406 2726 568 2808 everberat,
593 2728 644 2804 qui
667 2727 698 2785 in
723 2743 791 2784 eum
812 2723 882 2784 licet
901 2724 1030 2785 stimulis
1050 2727 1148 2786 inimi·

132 2813 244 2874 oalibus
265 2818 439 2896 excitentur,
459 2817 587 2876 scamnis
606 2823 706 2875 tamen
726 2813 899 2874 amicalibus
918 2813 1147 2892 deputabuntur.

131 2900 160 2963 3.
185 2903 264 2962 unde
287 2911 316 2963 te
346 2907 435 2964 etiam
462 2924 516 2984 par
544 2905 634 2964 luerit
661 2902 817 2983 privilegio
842 2902 1036 2963 consiliorum
1064 2922 1147 2982 prae·

131 2991 271 3072 foeturae,
290 2994 321 3051 in
341 3012 415 3071 qnae
435 2991 639 3072 participanda
659 2992 840 3071 deposceris,
859 2993 1005 3069 antiquati
1024 2992 1147 3053 honoris

203 3221 218 3268 3
239 3213 363 3269 delenito
374 3216 550 3285 huguberto
563 3217 573 3284 ΙΙ
587 3220 603 3269 b
623 3233 694 3285 gaza
708 3218 757 3272 oia
770 3233 869 3272 sanum
883 3217 891 3286 ll
907 3220 940 3268 12
954 3214 1147 3271 Philomathio

135 3286 319 3341 Walamowc'tz
337 3289 346 3356 ll
364 3292 398 3340 20
418 3288 529 3342 calcata
547 3293 598 3357 (sp.
614 3291 633 3342 2
653 3289 704 3343 litt.
724 3293 795 3356 occ.)
812 3286 951 3340 nerositas
972 3292 1023 3357 (sp,
1040 3291 1077 3343 17
1096 3289 1148 3344 litt.

128 3355 365 3425 occansionem
386 3362 489 3428 (sp.13
508 3361 560 3415 litt.
575 3362 646 3426 occ.)
666 3359 719 3413 hoo
733 3360 772 3426 L3
792 3357 908 3412 transiit
923 3357 960 3425 F,
979 3359 1084 3413 transit
1103 3363 1150 3428 (ex

130 3428 257 3495 transiit,
285 3435 318 3483 ut
340 3429 395 3483 oid.
415 3429 510 3497 N¹)N
511 3431 549 3485 M
552 3430 604 3486 OT
624 3435 633 3498 ΙΙ
658 3436 692 3483 26
716 3429 927 3501 deputabuntur
949 3429 1015 3499 LV,
1043 3431 1151 3502 deputa

117 3501 237 3553 *antur
248 3499 290 3570 Ᾱζ
311 3499 487 3570 deputantur
501 3502 538 3555 M
544 3501 595 3557 CT
607 3505 616 3572 ll
631 3506 664 3556 28
680 3518 752 3569 quae
766 3500 965 3572 participanda
979 3502 1042 3571 LV,
1063 3520 1151 3572 quam
