2414 3864
93 93 259 170 smonus
274 113 454 170 smrmcio
468 114 515 168 uu
529 113 752 170 neonmumu
767 113 844 169 suis
859 113 1039 169 siturum.
1064 113 1107 180 87

561 348 633 413 XII.

112 461 282 527 SIDONIUS
302 471 483 526 SIMPLIGIO
502 470 549 525 ET
568 470 788 526 APOLLINARI
807 470 885 526 SUIS
905 470 1083 527 SALUTEM.

160 582 187 646 1.
209 585 287 647 Deus
311 585 401 666 bone,
430 578 571 664 quantum
595 584 783 663 naufragioso
812 584 915 663 pelago
944 585 1106 645 conformis

96 675 136 729 est
164 683 259 736 motus
289 676 468 755 animomm,
499 675 608 753 quippe
637 692 705 734 cum
733 675 906 734 nuntiorum
933 673 1105 734 turbinibus

97 756 220 824 adversis
244 765 332 843 quasi
355 765 475 842 propria
497 769 674 841 tempestate
698 761 902 823 confrmditur!
931 782 1026 842 nuper
1050 781 1104 842 ego

99 845 226 932 filiusque
257 853 425 913 communis
453 851 648 912 Terentianae
670 851 802 930 Hecyrae
830 851 908 912 sales
935 851 1104 912 ruminaba-
1131 874 1146 916 5

100 951 170 1023 mus3
192 942 326 1002 studenti
349 939 515 1000 assidebam
534 947 656 1000 naturae
676 942 841 1001 meminens
861 949 890 1001 et
908 941 1104 1020 professionis

103 1023 208 1112 oblitus,
231 1048 350 1110 quoque
374 1028 538 1090 absolutius
561 1029 715 1109 rhythmos
735 1032 864 1090 comicos
884 1032 1005 1091 incitata
1023 1029 1104 1091 doci-

103 1110 172 1180 litate
195 1127 381 1199 sequeretur,
404 1120 469 1197 ipse
493 1121 581 1179 etiam
605 1117 733 1178 fabulam
757 1117 864 1179 similis
883 1122 1051 1197 argumenti
1073 1119 1104 1180 id

58 1282 61 1289 .
104 1212 142 1264 est
155 1208 376 1288 Epitrepontem
394 1205 547 1268 Menandri
565 1209 597 1267 in
620 1206 757 1268 manibus
776 1206 930 1268 habebam.
972 1205 1001 1268 2.
1025 1207 1104 1287 lege-

58 1310 60 1327 *
105 1287 192 1358 banus
223 1299 338 1377 pariter
369 1295 560 1357 laudabamus
592 1296 821 1375 iocabamurque
855 1303 897 1376 et,
930 1315 1005 1376 quae
1037 1304 1105 1357 vota
1118 1320 1146 1360 ro

108 1389 256 1447 communia
275 1392 355 1465 suut,
378 1384 462 1445 illum
476 1384 573 1466 lectio,
596 1403 643 1446 me
663 1384 713 1446 ille
733 1385 875 1465 capiebat,
894 1404 963 1446 cum
979 1393 1103 1465 repente

109 1486 168 1546 puer
188 1475 341 1536 familiaris
366 1474 480 1534 adstitit
502 1473 664 1535 vultuosus
707 1477 756 1535 cui
780 1492 848 1534 nos:
872 1469 956 1553 ‘quid
975 1470 1049 1534 itat’
1074 1483 1104 1535 et

109 1556 157 1622 ille:
185 1557 359 1644 ‘lectorem',
391 1565 502 1644 inquit,
534 1559 739 1624 ‘Constantem
766 1565 885 1623 nomine
909 1581 963 1643 pro
987 1563 1103 1624 foribus

110 1649 156 1711 ridi
179 1673 193 1713 a
219 1654 348 1714 dominis
373 1650 525 1730 Simplicio
555 1660 584 1712 et
606 1651 774 1731 Apollinare
803 1652 992 1734 redeuntem,
1021 1652 1104 1713 dedit

111 1741 207 1813 quidem
230 1741 345 1802 litteras
369 1759 442 1820 quas
465 1748 620 1819 acceperat
642 1740 695 1802 sed
718 1740 849 1821 perdidit
873 1759 946 1821 quas
967 1737 1101 1821 recepit'
1116 1763 1143 1804 15

112 1828 197 1901 quibus
225 1832 334 1910 agnitis
366 1831 511 1890 serenitas
542 1829 670 1891 laetitiae
701 1848 783 1891 meae
815 1831 972 1891 confestim
999 1830 1102 1891 nubilo

113 1920 260 1994 superducti
283 1919 427 1979 maeroris
446 1918 595 1979 insorduit
612 1926 782 1998 tantamque
801 1919 875 1979 mihi
894 1918 984 1980 bilem
1003 1921 1103 1981 nuntii

112 1997 210 2070 huiusce
233 2010 429 2070 contrarietas
453 2010 604 2089 excitarit,
627 2015 661 2068 ut
683 2027 738 2087 per
760 2007 906 2087 plurimos
930 2009 994 2069 dies
1017 2008 1102 2070 illum

112 2089 187 2167 ifisum
206 2099 341 2159 hermam
365 2095 591 2157 stolidissimum
615 2100 718 2158 venire
742 2105 809 2159 ante
830 2097 930 2158 oculos
954 2116 1036 2158 meos
1055 2101 1101 2160 in·

113 2194 225 2248 exoratus
248 2188 405 2265 arcuerim,
429 2184 542 2246 laturus
566 2204 663 2267 aegre,
686 2188 712 2246 si
732 2186 805 2246 mihi
823 2189 924 2265 apices
943 2193 993 2246 aut
1012 2205 1099 2266 quos-
1115 2208 1143 2248 ao

113 2283 214 2354 tumque
238 2282 289 2337 aut
313 2293 567 2354 quorumcumque
590 2293 651 2335 non
674 2274 822 2356 redderet,
845 2282 958 2336 taceam
977 2284 1101 2355 vestros,

113 2361 151 2433 illi
168 2366 248 2447 mibi,
276 2364 347 2425 dum
371 2365 447 2424 recti
475 2382 595 2444 compos
619 2366 735 2425 animus
764 2364 863 2445 durat,
891 2366 1014 2424 minime
1042 2363 1101 2424 fre-

114 2462 211 2522 quentes
240 2455 367 2514 maxime
401 2452 613 2514 desiderabiles
645 2452 864 2514 iudicabuntur.
909 2451 939 2514 4.
963 2461 992 2513 at
1019 2462 1100 2532 post-

58 2552 61 2587 ῑ
114 2549 179 2610 flam
196 2550 297 2604 nostra
316 2543 426 2603 sensim
446 2544 590 2622 temporis
609 2540 762 2602 intervallo
781 2544 827 2602 ira
846 2542 1013 2623 defremuit,
1032 2561 1100 2622 per·

113 2636 193 2692 centor
209 2633 381 2712 admissum,
400 2649 473 2691 num
491 2630 581 2691 verbo
602 2633 754 2711 quippiam
767 2638 922 2710 praeterea
936 2630 1100 2692 detulisset.
1114 2651 1141 2693 aa

113 2723 240 2796 respondit
260 2723 335 2802 ipse,
359 2738 536 2799 quamquam
555 2728 634 2781 esset
652 2719 786 2799 trepidus
801 2727 832 2779 et
846 2726 964 2780 sternax
980 2727 1010 2780 et
1027 2739 1099 2799 prae

113 2813 176 2869 reatu
190 2809 350 2872 balbutiret
369 2828 430 2890 ore,
453 2810 615 2870 caecutiret
636 2810 754 2889 intuitu,
777 2815 881 2889 totum,
905 2827 962 2888 quo
981 2811 1100 2891 instrui,

113 2902 155 2963 ΨΜ)
174 2898 309 2961 delectari
338 2897 480 2980 valerem,
507 2900 624 2977 paginis
653 2916 727 2977 quae
755 2897 979 2959 intercidissent
1006 2899 1099 2960 fuisse

113 2987 264 3050 mandatum.
321 2989 460 3067 quocirca
492 2990 638 3047 recurrite
675 2986 711 3047 ad
744 2986 920 3067 pugillares,
957 2987 1099 3067 replicate

113 3073 273 3139 membranas
301 3084 332 3138 et
359 3079 468 3156 scripta
495 3075 662 3136 rescribite.
708 3075 822 3136 tamdiu
849 3077 929 3136 enim
959 3081 1098 3156 aequani-
1112 3099 1140 3140 oo

168 3268 273 3323 1ieoor.
292 3282 343 3322 om.
362 3265 389 3320 L
402 3268 442 3336 ΙΙ4
461 3263 641 3318 confunditur
659 3264 680 3333 (i
698 3266 730 3319 c'o
747 3281 802 3320 ras.
818 3264 878 3333 M1)
885 3265 929 3333 M,
952 3264 1099 3319 confundi-

114 3335 160 3381 mur
180 3337 215 3404 (lo
236 3339 315 3393 odor
343 3354 381 3391 oe
405 3335 642 3404 confundunturl)
666 3336 842 3404 Ioeetjoborm
868 3338 878 3402 ll
905 3337 1098 3390 bterentinne

115 3389 232 3478 Llldqss
250 3407 378 3462 fabulam
395 3424 446 3464 om.
465 3407 492 3462 L
510 3410 519 3476 ll
539 3411 571 3460 15
591 3406 718 3480 quidem]
736 3405 831 3478 inquit
851 3408 886 3476 Τ,
907 3408 955 3463 sed
973 3413 1039 3462 onte
1051 3408 1109 3460 boc

115 3471 202 3531 qudem
214 3481 276 3536 odd,
288 3479 349 3548 TU)
361 3483 394 3532 25
407 3481 571 3534 ammissum
586 3479 672 3555 LN¹,
687 3498 752 3554 cop.
765 3488 801 3541 ut
814 3500 841 3541 o.
858 3481 915 3552 Nl,
933 3497 989 3536 oto.
1001 3474 1138 3546 moun
