2414 3864
476 166 628 223 CARMEN
646 167 745 223 XXIII.

263 318 403 397 Arpinas,
426 315 578 398 Patavine,
601 317 772 398 Mantuano,

261 414 291 467 et
313 412 356 487 te,
379 407 492 466 comica
516 408 567 485 qui
590 407 693 487 doces,
717 407 852 487 Terenti,

262 502 291 556 et
313 502 356 576 te,
378 500 512 573 tempore
537 497 589 574 qui
612 502 694 556 satus
717 513 820 556 severo

268 583 385 664 Graios,
407 582 523 663 Plauto,
546 583 622 644 sales
646 583 746 663 lepore
769 585 893 664 transis,

191 685 241 735 150
261 679 290 733 et
307 679 338 733 to
361 671 535 733 multimoda
558 675 630 733 satis
653 673 815 734 verendum

260 764 438 841 scriptorum
462 764 688 843 numerositate,
711 761 816 842 Varro,

260 856 290 911 et
312 857 358 931 te,
377 852 428 929 qui
450 849 610 932 brevitate,
634 851 752 932 Crispe,
775 850 884 932 polles,

262 946 291 1000 et
314 942 366 1018 qui
388 957 443 1019 pro
466 941 586 1018 ingenio
605 940 716 1000 fluente
739 939 826 1021 nulli,

263 1027 382 1088 Comeli
404 1028 522 1109 Tacite,
546 1047 578 1088 es
602 1029 745 1090 tacendus
768 1032 827 1109 ori,

192 1131 243 1180 166
262 1124 292 1178 et
315 1124 344 1178 te
367 1116 597 1178 Massiliensium
620 1136 675 1197 per
697 1117 799 1178 hortos

262 1208 340 1266 sacri
363 1207 488 1286 stipitis,
511 1206 645 1288 Arbiter,
669 1206 806 1267 colonum

260 1293 498 1374 Hellespontiaco
521 1314 623 1374 parem
646 1295 767 1377 Priapo,

261 1391 291 1444 ot
313 1390 343 1443 te
367 1386 507 1444 carmina
520 1402 575 1463 per
597 1383 756 1445 libidinosa

262 1479 379 1554 notum,
402 1471 480 1533 Naso
504 1479 602 1554 tener,
626 1473 794 1552 Tomosque
817 1475 956 1554 missum,

192 1575 242 1624 160
263 1562 411 1641 quondam
430 1560 591 1622 Caesareae
615 1565 704 1623 nimis
728 1561 842 1642 puellae

260 1652 329 1711 ficto
352 1653 472 1712 nomine
497 1650 649 1713 subditum
673 1648 841 1712 Corinnae?

262 1740 333 1818 quid
357 1738 453 1800 celsos
477 1739 605 1801 Senecas
629 1740 733 1819 loquar
756 1739 802 1800 vel
826 1739 909 1800 illum

262 1846 349 1908 quem
373 1829 423 1889 dat
446 1827 561 1889 Bilbilis
585 1828 642 1890 alta
665 1828 844 1910 Martialem,

261 1923 409 1978 terrarum
432 1918 588 1996 indigenas
610 1915 840 1979 Hibericarum?

192 2018 243 2067 166
264 2007 334 2084 quid
359 2025 433 2085 quos
456 2006 626 2086 duplicibus
646 2009 743 2086 iugata
766 2007 862 2068 taedis

261 2096 434 2175 Argentaria
456 2095 577 2175 pallidat
600 2093 728 2176 poetas'l

262 2183 333 2262 quid
356 2183 465 2245 multos
490 2186 565 2244 varii
589 2185 650 2245 stili
673 2182 827 2246 retexam?

174 2300 177 2306 ·
262 2273 372 2353 arguti,
396 2275 505 2354 teneri,
530 2291 647 2354 graves,
670 2274 801 2355 dicaces,

263 2363 289 2421 si
313 2360 492 2422 Consentius
516 2363 612 2443 affuit,
635 2361 773 2423 latebant.

193 2463 244 2512 170
307 2448 383 2511 Huic
408 2453 517 2511 summi
540 2453 653 2530 ingenii
676 2454 739 2512 viro
763 2451 910 2530 simulque

263 2557 394 2599 summae
417 2539 581 2600 nobilitatis
604 2547 692 2619 atque
716 2540 828 2600 formae

261 2629 362 2688 iuncta
386 2635 432 2688 est
454 2629 578 2710 semina,
601 2647 677 2708 quac
700 2629 821 2689 domum
846 2629 881 2690 ad
905 2630 1005 2690 mariti

261 2717 353 2794 prisci
376 2719 505 2796 insignia
528 2718 711 2778 transferens
734 2717 828 2778 lovini

260 2804 393 2885 imMevit
415 2805 527 2867 trabeis
550 2806 641 2867 larem
666 2807 824 2886 sophistae.

191 2905 241 2955 166
263 2896 306 2954 sic
329 2896 407 2955 intra
430 2897 569 2975 proprios
592 2896 648 2956 tibi
670 2904 809 2977 penates,

261 2981 416 3064 Consenti,
438 2987 551 3063 patriae
575 2985 667 3045 decus
690 2984 866 3065 superbum,

260 3072 344 3133 lastis
368 3075 440 3133 vivit
463 3091 533 3133 avus
556 3079 700 3153 paterque
724 3072 817 3134 libris.

305 3160 385 3223 Haec
408 3179 463 3241 per
486 3168 641 3222 stemmata
663 3169 692 3222 te
716 3164 788 3222 satis
811 3169 976 3243 potentem,

172 3389 223 3440 163
242 3384 347 3441 fluento
360 3387 441 3458 culpo
442 3408 457 3468 ,·
474 3385 592 3441 florente
605 3387 695 3454 codd.;
715 3388 750 3455 cf.
767 3386 866 3443 Claud.
881 3385 1115 3456 41‚9cumfluac

93 3456 246 3527 ingenium
273 3459 282 3529 l
312 3463 361 3512 166
380 3456 513 3527 palhdatl
536 3474 571 3512 co.
597 3475 703 3525 amore;
730 3457 812 3513 Polla
836 3459 888 3514 dot
908 3460 1008 3530 oolam·
1034 3457 1115 3512 Polla

95 3529 179 3584 amet
196 3528 276 3598 Leott
291 3534 342 3582 172
361 3527 397 3583 ad
416 3545 465 3584 om.
481 3527 561 3601 Pru
