2392 3854
222 123 391 181 SIDONIUS
409 124 634 180 THAUMASTO
654 125 722 181 SUO
742 126 921 183 SALUTEM.
1018 127 1080 191 lll

69 277 90 335 si
112 282 199 356 petas
222 277 312 335 etiam
335 274 417 336 nullo
440 274 614 335 adversante
637 274 829 356 heneficium,
854 279 936 356 piget
959 279 1082 357 promit-

69 382 127 426 111
151 364 244 443 pudet
267 382 376 442 negare
399 365 530 444 paenitet
552 365 747 442 praestitisse.
794 363 823 427 3.
846 365 878 425 bi
902 372 980 446 sunt,
1009 384 1081 444 quo-

69 472 130 514 rum
164 454 380 533 comparationi
411 453 536 531 digitum
569 451 707 513 tollerent
737 452 895 515 Narcissus
924 455 1081 537 Asiaticus,

69 541 159 604 llassa
181 541 348 623 Marcellus,
372 541 465 602 Carus
488 541 679 622 Parthenius,
701 541 824 603 Licinus
848 550 878 603 et
899 541 1003 619 Pallas.
1049 544 1081 603 hi

69 639 145 714 sunt,
174 634 225 711 qui
248 630 383 691 invident
405 632 546 691 tunicatis
570 632 629 690 otia
658 632 806 710 stipendia
832 632 993 712 paludatis,
1020 634 1080 692 via·
1107 649 1121 690 5

69 723 120 782 tica
143 720 326 782 veraedariis
348 718 565 780 mercatoribus
587 719 749 801 nundinas,
776 722 953 783 munuscula
976 721 1080 800 legatis

69 812 193 888 portoria
217 807 507 890 quadruplatoribus
535 809 655 888 praedia
682 810 914 888 provincialibus
942 809 1079 871 flamonia

69 898 279 979 municipibus,
316 899 439 958 arcariis
475 897 608 979 pondera
639 916 795 959 mensuras
827 899 941 961 allectis
974 899 1079 960 salaria

69 986 228 1070 nbmniis,
256 987 468 1066 dispositiones
495 989 674 1047 numerariis
695 991 893 1066 praetorianis
922 988 1079 1069 sportulas,

71 1076 231 1137 civitatibus
240 1075 377 1136 indutias
392 1074 545 1154 vectigalia
558 1075 735 1157 publicanis,
749 1080 947 1139 reverentiam
962 1077 1079 1139 clericis
1094 1098 1120 1138 ro

74 1167 209 1244 originem
223 1163 384 1246 nobilibus,
403 1183 577 1226 consessum
595 1165 747 1245 prioribus
763 1184 956 1244 congressum
973 1184 1080 1245 aequa-

74 1250 151 1335 libus,
173 1256 280 1316 cinctis
304 1255 369 1314 iura
393 1254 547 1315 discinctis
565 1254 728 1335 privilegia,
753 1255 868 1315 scholas
887 1255 1080 1315 instituendis

77 1343 217 1404 mercedes
240 1342 467 1404 instituentibus
490 1342 605 1403 litteras
625 1345 778 1404 institutis.
817 1340 847 1405 4.
871 1344 902 1404 hi
926 1352 1005 1424 sunt,
1028 1346 1079 1422 qui

78 1435 148 1492 noris
171 1432 278 1512 opibus
302 1430 392 1513 ebrii,
423 1439 457 1492 nt
485 1438 514 1492 et
540 1434 664 1492 minima
687 1451 862 1514 cognoscas,
894 1451 949 1513 per
974 1432 1079 1493 utendi

79 1520 321 1602 intemperantiam
335 1521 465 1600 produnt
478 1523 659 1600 imperitiam
670 1521 857 1603 possidend13
871 1540 941 1582 nam
950 1521 1079 1582 libenter
1094 1543 1119 1581 15

81 1608 206 1671 incedunt
229 1613 336 1671 armati
359 1609 396 1670 ad
420 1609 531 1691 epulas,
559 1609 648 1670 albati
672 1610 708 1670 ad
732 1613 899 1693 exsequias,
923 1610 1020 1690 pelliti
1042 1610 1079 1670 ad

82 1697 211 1781 ecclesias,
230 1698 337 1779 pullati
355 1699 392 1759 ad
410 1701 540 1779 nuptias,
559 1701 731 1761 castorinati
750 1700 787 1759 ad
801 1699 927 1761 litanias.
964 1699 1079 1760 nullum

83 1783 128 1846 illis
153 1807 246 1868 genus
276 1788 431 1848 hominum
462 1787 601 1848 ordinum
630 1795 799 1867 temporum
830 1789 913 1849 cordi
943 1796 997 1849 est.
1048 1791 1079 1848 in

82 1871 131 1935 foro
152 1877 275 1958 Scythae
300 1879 332 1936 in
361 1876 497 1937 cubiculo
520 1879 639 1956 viperae
663 1879 694 1937 in
723 1880 856 1938 convivio
885 1896 1020 1958 scurrae,
1046 1880 1078 1937 in

84 1967 267 2028 exactionibus
289 1965 437 2045 Harpyiae
460 1968 492 2026 in
516 1965 773 2026 conlocutionibus
797 1973 910 2028 statuae
934 1970 965 2028 in
989 1985 1078 2046 quae·
1093 1988 1119 2027 ro

83 2053 208 2117 stionibus
236 2054 365 2135 bestiae,
397 2057 429 2114 in
461 2054 636 2115 tractatibus
669 2055 785 2115 cocleae
813 2058 845 2115 in
877 2054 1078 2117 contractibus

82 2144 233 2226 trapezitae3
262 2143 299 2204 ad
327 2143 559 2223 intellegendum
588 2146 670 2204 saxei
698 2144 734 2204 ad
762 2144 954 2205 iudicandum
977 2145 1078 2224 lignei,

82 2228 108 2288 ad
126 2232 358 2295 suscensendum
380 2232 510 2293 flammei
532 2232 568 2293 ad
587 2232 802 2311 ignoscendum
825 2233 925 2313 ferrei,
948 2233 984 2293 ad
1006 2235 1077 2292 ami·
1140 2250 1143 2254 ·

82 2318 148 2381 citias
163 2322 251 2402 pardi
270 2321 306 2382 ad
324 2322 445 2382 facetias
463 2323 537 2402 ursi,
560 2321 596 2381 ad
615 2321 775 2382 fallendum
794 2321 898 2401 vulpes
918 2321 953 2381 ad
973 2339 1077 2399 super-

83 2401 203 2472 biendum
221 2413 303 2472 tauri
320 2410 356 2470 ad
376 2411 611 2471 consumendum
628 2412 798 2471 minotauri.
835 2409 864 2471 5.
889 2429 958 2490 spes
977 2410 1077 2469 firmas
1092 2432 1118 2472 rs

81 2493 217 2561 lnrerum
245 2499 377 2560 motibus
400 2499 524 2579 babent,
552 2498 641 2560 dubia
668 2508 803 2578 tempora
831 2501 942 2560 certius
970 2506 1078 2579 amant,

82 2591 104 2643 et
119 2589 229 2667 ignavia
253 2590 366 2669 pariter
389 2590 631 2666 conscientiaque
654 2588 847 2668 trepidantes,
871 2607 939 2649 cum
963 2589 1023 2648 sint
1045 2590 1076 2647 in

80 2681 215 2746 praetoriis
239 2676 356 2757 leones,
388 2679 549 2737 incastris
577 2676 709 2757 lepores,
740 2678 847 2736 timent
875 2677 1007 2756 foedera,
1039 2695 1076 2736 ne

80 2757 270 2847 discutiantur,
303 2765 391 2848 bella,
423 2784 461 2826 ne
489 2774 630 2845 pugnent.
677 2783 804 2844 qnorum
832 2767 858 2825 si
886 2784 973 2826 nares
997 2766 1077 2826 affla-

80 2856 137 2915 verit
157 2859 276 2935 uspiam
299 2853 463 2933 robiginosi
492 2872 564 2914 aura
591 2855 750 2934 marsupii,
778 2854 935 2915 confestim
961 2855 1077 2916 videbis
1091 2877 1117 2916 ao

80 2934 174 3006 ilicet
197 2943 300 3006 oculos
323 2945 395 3023 Argi
423 2951 452 3004 et
479 2960 586 3003 manus
609 2943 725 3004 Briarei
748 2950 778 3004 et
801 2943 999 3023 Sphingarum
1023 2964 1077 3005 un-

80 3041 134 3102 gues
155 3041 184 3094 et
206 3035 341 3113 periuria
358 3031 569 3093 Laomedontis
593 3040 623 3093 et
641 3032 735 3093 Ulixis
754 3034 885 3113 argutias
909 3041 938 3094 et
957 3034 1077 3095 Sinonis

78 3112 185 3184 idiotas
219 3129 251 3183 et
283 3122 371 3182 tidem
401 3121 613 3201 Polymestoris
646 3129 676 3182 et
707 3125 848 3202 pietatem
878 3123 1076 3203 Pygmalionis

129 3353 160 3401 15
178 3365 246 3402 nam
266 3363 316 3403 om.
337 3346 361 3402 0
371 3347 380 3416 l
396 3354 427 3402 17
447 3345 569 3401 letanias
591 3347 654 3415 OT,
678 3347 821 3402 laetanias
840 3349 877 3402 M
887 3353 897 3418 ΙΙ
911 3355 945 3402 23
964 3361 1075 3400 suscen-

73 3416 267 3561 :tfssupupphboby
288 3419 507 3473 succensendum
526 3417 563 3471 M
568 3418 641 3489 ΟΤΙΙ
656 3425 690 3473 30
708 3419 866 3488 marsuppii
885 3420 948 3492 MC
962 3423 966 3488 Ι
983 3416 1074 3470 confe-
