2414 3864
287 157 456 213 SIDONIUS
474 155 594 212 PROBO
615 154 683 212 SUO
704 156 882 211 SALUTEM.
1052 155 1094 222 71

107 303 242 389 plausibile,
271 307 404 386 sophista
428 309 540 367 serium
564 308 816 385 epigrammatista
840 305 991 388 lascivum,
1017 325 1096 367 com-

105 403 223 457 mentator
241 396 374 457 lucidum
392 395 622 456 iurisconsultus
642 395 803 455 obscurum
818 395 1010 456 multifariam
1026 414 1095 456 con·

104 481 229 566 didemnt,
262 485 292 545 id
320 493 350 546 te
379 484 567 545 omnifariam
594 483 734 564 singuliS,
767 487 827 545 nisi
859 487 908 545 cni
940 487 1096 564 ingenium

103 570 195 653 sibique
224 577 292 654 quis
321 574 429 655 defuit,
461 570 643 634 tradidisse?
679 573 753 634 deus
780 572 874 634 bonel
917 592 1009 653 qnam·
1037 574 1095 635 sibi

101 657 153 722 binc
179 672 276 743 patres
309 665 405 723 nostri
438 661 653 742 gloriabantur,
687 681 754 724 cum
787 663 922 723 viderent
953 662 1007 724 sub
1038 682 1092 742 ope
1121 684 1135 726 5

101 746 190 814 Christi
206 761 235 814 te
255 753 362 813 docere
377 770 475 832 posse,
494 770 542 812 me
562 752 688 832 discere,
707 759 737 812 et
755 770 815 812 non
830 751 926 812 solnm
945 759 974 813 te
994 753 1092 814 facere

101 841 161 915 qaod
181 860 284 921 posses
308 841 360 901 sed
384 848 415 901 et
437 839 511 901 velle
535 841 614 920 quod
638 841 752 902 faceres
776 841 903 923 ideoque
928 848 957 902 te
980 840 1093 902 bonnm

99 933 260 992 conminus
289 948 377 1009 qnam
404 931 535 1008 peritum
563 928 764 1009 pronuntiarit
810 928 839 992 3.
869 937 898 991 et
921 949 990 991 vere
1014 933 1093 992 intra

98 1011 256 1080 Eusebianos
290 1018 367 1080 lares
399 1018 503 1080 talium
536 1026 566 1079 te
599 1019 743 1098 quaedam
771 1026 890 1080 moneta
918 1029 1092 1099 susceperat

97 1100 312 1189 disciplinarum,
345 1110 430 1169 cuius
462 1107 667 1187 philosophica
699 1108 807 1169 incude
837 1110 980 1170 formatus
1009 1128 1089 1170 nunc
1104 1132 1131 1171 ao

97 1195 171 1256 lanas
192 1197 278 1258 nobis
301 1215 403 1258 rerum
427 1214 658 1276 sermonumque
677 1200 809 1258 rationes
829 1199 895 1277 ipso
915 1200 1013 1278 etiam,
1038 1201 1090 1277 qui

96 1277 225 1367 docuerat,
257 1285 403 1366 probante
430 1286 596 1367 pandebas,
624 1304 704 1347 nunc
732 1294 766 1347 ut
792 1285 895 1347 Platon
923 1286 1088 1365 discipulus

96 1367 139 1430 lam
162 1394 250 1456 prope
277 1377 376 1454 potior
404 1374 459 1436 sub
489 1375 623 1456 Socrate,
656 1376 699 1435 sic
728 1377 786 1436 iam
814 1382 847 1435 tu
875 1375 930 1436 sub
958 1374 1088 1436 Eusebio

96 1469 176 1524 rostro
197 1469 277 1525 inter
295 1463 498 1524 Aristotelicas
517 1466 682 1543 categorias
701 1465 808 1525 artifex
827 1464 1000 1525 dialecticus
1020 1466 1087 1525 atti·

96 1547 210 1635 cissabas,
234 1571 303 1614 cum
326 1552 376 1613 ille
396 1553 491 1614 adhuc
515 1552 674 1614 aetatulam
692 1560 825 1613 nostram
844 1553 985 1614 mobilem
1003 1561 1086 1614 tene·
1101 1575 1128 1618 as

95 1643 276 1703 tencaudam
294 1642 383 1702 modo
402 1643 590 1721 castigatoria
610 1645 765 1703 severitate
785 1643 974 1723 decoqueret,
997 1643 1086 1703 modo

95 1730 277 1792 mandatorum
310 1730 483 1792 salubritate
516 1732 658 1792 condiret.
708 1729 737 1792 4.
769 1738 798 1791 at
831 1731 975 1811 qualium,
1012 1732 1086 1792 dens

94 1805 161 1899 bone,
182 1838 327 1900 quamque
346 1823 555 1900 pretiosorum,
575 1838 649 1899 quae
669 1823 695 1880 si
714 1823 781 1899 quis
800 1821 972 1900 deportaret
990 1821 1085 1900 philo-

95 1904 251 1980 seruaturus
274 1916 324 1971 aut
348 1909 383 1969 ad
408 1909 590 1989 paludicolas
614 1909 791 1989 Sygambros
815 1916 865 1970 ant
888 1910 924 1970 ad
949 1909 1084 1972 Caucasi-

94 2003 163 2065 genas
183 1998 310 2060 Halanos
333 2006 384 2059 aut
406 1998 442 2059 ad
462 1997 646 2078 equimulgas
665 1997 803 2079 Gelonos,
826 1998 995 2060 bestialium
1013 2002 1084 2078 rigi·
1099 2023 1126 2063 ac

95 2073 235 2167 darumque
254 2090 408 2148 nationum
428 2087 516 2148 corda
536 2106 644 2148 cornea
662 2087 813 2167 fibraeque
829 2087 966 2167 glaciales
980 2089 1086 2167 procul

94 2162 164 2233 dubio
188 2176 393 2238 emollirentur
421 2175 640 2256 egelidarentur
667 2195 763 2255 neque
795 2176 915 2238 illorum
943 2177 1085 2239 ferociam

95 2256 335 2347 stoliditatemque,
367 2284 442 2345 quac
475 2266 639 2326 secundum
670 2264 773 2326 beluas
803 2267 910 2344 ineptit
938 2265 1085 2328 brutescit

93 2353 259 2436 accenditur,
295 2354 462 2415 rideremus
499 2361 758 2415 contemneremus
794 2357 1083 2434 pertimesceremus.

93 2425 116 2490 5·
134 2437 214 2518 igitur
237 2446 306 2523 quia
325 2462 379 2504 nos
398 2451 432 2504 nt
450 2444 578 2504 affinitas
597 2446 639 2504 ita
658 2443 755 2504 studia
774 2446 944 2524 iunxerunt,
967 2462 1083 2525 precor,
1097 2467 1124 2508 as

94 2535 189 2607 tuoque
207 2532 265 2593 loci
284 2551 326 2613 es,
344 2534 491 2593 amicitiae
510 2535 576 2593 iura
594 2535 771 2593 inconcussa
785 2532 935 2593 custodias
949 2532 1084 2612 longum-

93 2624 138 2686 qua
153 2619 201 2682 tibi
221 2624 280 2682 etsi
298 2621 369 2682 sede
388 2620 538 2703 absumus,
558 2622 689 2682 adsimus
709 2622 829 2703 allectu3
854 2623 939 2682 cuius
958 2624 1083 2682 inteme-

94 2704 157 2765 ratae
175 2718 271 2788 partes
296 2718 439 2789 qnantum
462 2718 588 2792 spectat,
612 2729 629 2771 a
651 2710 738 2771 nobis
761 2713 792 2771 in
817 2729 933 2791 aevum,
958 2711 1082 2792 siquod

93 2793 130 2846 cst
146 2798 212 2860 vitae
236 2799 398 2880 reliquum,
421 2799 676 2878 perennabuntur.
713 2799 785 2861 vale.

106 3040 111 3051 ,
150 2987 162 3035 1
178 2987 421 3058 epigrammatista
435 2988 623 3058 Mctjobaaa,
641 2987 854 3058 epigrammista
870 2989 947 3044 codd.
962 2992 1002 3059 tlt
1020 2989 1082 3059 glo-

93 3044 226 3132 misatur]
241 3058 460 3129 gratulabantur
473 3060 665 3129 Iacetjobanna
680 3062 714 3126 cf.
730 3078 769 3130 ep.
787 3060 987 3129 V11,14,1pu
1007 3062 1082 3129 quod

92 3110 178 3200 sitires
194 3129 267 3185 velle
287 3131 335 3200 Op
352 3135 386 3185 28
406 3147 424 3185 a
441 3131 524 3185 nobis
543 3130 608 3185 ΒΝ
609 3131 647 3184 Μ
650 3131 706 3198 GT,
731 3131 767 3185 ad
785 3147 836 3185 nos
857 3131 897 3197 Fa
922 3131 959 3185 ad
977 3149 1040 3198 ros,
1065 3149 1082 3185 a

92 3183 358 3272 ¹¹⁰b1⁸1autjotaua;
376 3220 415 3257 aa
434 3203 471 3256 ad
488 3218 548 3270 nos,
568 3201 667 3257 vobis?
683 3205 687 3271 t
704 3202 779 3271 quod
793 3202 892 3272 LNG,
912 3202 982 3271 quid
1000 3204 1066 3257 MT
1072 3203 1081 3274 ll
