2392 3854
129 141 148 205 8
502 137 612 193 LIBER
630 136 775 194 PRIMUS.

127 289 197 350 hinc
222 291 290 368 quia
313 289 405 349 istaec
434 289 519 368 satis,
552 287 631 366 quod
660 286 775 369 subest,
808 305 917 366 quaeso
941 288 1147 349 reminiscaris

128 378 202 439 velle
230 397 277 438 me
305 376 361 438 tibi
388 377 479 438 studii
508 377 634 438 huiusce
664 377 901 437 vicissitudinem
933 376 1148 460 reponderare,

128 467 216 528 modo
230 485 277 527 me
293 466 458 527 actionibus
472 468 560 526 iustis
575 466 649 526 deus
664 483 799 526 annuens
813 472 843 526 et
857 467 1001 544 sospitem
1014 472 1148 544 praestet

129 565 158 617 et
181 556 330 617 reducem.
377 554 449 616 vale.

615 745 655 812 V·
738 777 744 783 .

101 885 114 925 a
316 867 483 923 SIDONIUS
501 867 665 924 HERENIO
686 867 754 924 SUO
775 865 952 923 SALUTEM.

198 998 224 1062 1.
248 999 376 1060 Litteras
400 1006 466 1060 tuas
489 997 598 1060 Romae
621 1001 737 1078 positus
761 1001 875 1078 accepi,
904 998 1013 1077 quibus
1038 1017 1075 1059 an
1100 1017 1149 1060 se-

130 1089 260 1150 cundum
292 1107 447 1150 commune
485 1088 642 1149 consilium
674 1107 740 1149 sese
773 1090 1025 1167 peregrinationis
1062 1107 1148 1150 meae

130 1186 233 1258 coepta
256 1185 456 1258 promoveant,
480 1176 624 1238 sollicitus
647 1179 785 1258 inquiris,
813 1179 892 1237 viam
915 1179 1005 1237 etiam
1028 1177 1149 1256 qualem

130 1267 314 1347 qualiterque
339 1268 529 1347 confecerim,
552 1285 627 1346 quos
651 1272 702 1326 aut
720 1267 825 1326 fluvios
844 1265 970 1326 viderim
989 1273 1148 1345 poetarum

90 1377 115 1416 ro
130 1356 312 1418 carminibus
335 1355 477 1416 inlustres
506 1362 556 1415 aut
582 1354 673 1416 urbes
696 1357 846 1416 moenium
870 1356 930 1415 situ
952 1354 1072 1416 inclitas
1096 1364 1148 1417 aut

129 1454 245 1506 montes
272 1447 430 1506 numinum
457 1446 597 1523 opinione
624 1443 757 1523 vulgatos
788 1451 838 1504 aut
868 1461 987 1522 campos
1017 1443 1149 1523 proelio-

130 1553 197 1594 rum
219 1534 412 1613 replicatione
435 1533 658 1614 monstrabileS,
687 1536 757 1613 quia
779 1532 989 1612 voluptuosum
1013 1551 1149 1616 censeas,

130 1641 205 1701 quae
223 1621 350 1682 lectione
370 1623 562 1702 compereris,
586 1641 698 1702 eorum,
722 1624 774 1702 qui
792 1623 988 1702 inspexerint,
1012 1621 1148 1684 fideliore

130 1712 271 1771 didicisse
292 1718 465 1771 memoratu.
503 1713 641 1789 quocirca
661 1711 822 1790 gaudente
842 1711 912 1789 quid
931 1728 1017 1789 agam
1036 1730 1147 1791 cupere

90 1821 115 1859 15
130 1817 323 1879 cognoscere,
351 1817 478 1877 namque
505 1799 723 1861 huiuscemodi·
741 1800 873 1861 studium
902 1799 938 1860 de
966 1800 1077 1860 affectu
1103 1803 1149 1862 in·

129 1890 239 1949 toriore
262 1887 469 1966 proficiscitur.
514 1886 603 1968 ilicet,
628 1890 684 1948 etsi
708 1907 795 1950 secus
819 1890 984 1970 quaepiam,
1009 1888 1066 1950 snb
1090 1908 1147 1970 ope

128 1985 228 2037 tamen
252 1976 300 2036 dei
324 1977 424 2036 ordiar
451 1994 467 2036 a
495 1976 647 2057 secundis,
678 1977 786 2055 quibus
814 1977 987 2056 primordiis
1015 1980 1146 2040 maiores

129 2067 225 2126 nostri
262 2068 351 2125 etiam
389 2066 616 2125 sinisteritatum
654 2083 775 2126 suarum
812 2066 972 2127 relationes
1010 2067 1147 2128 evolvere

130 2153 367 2233 auspicabantur.
414 2151 443 2213 2.
467 2171 587 2232 egresso
607 2154 681 2215 mihi
699 2153 906 2216 Rhodanusiae
924 2162 1046 2216 nostrae
1066 2175 1147 2217 moe-

90 2244 218 2305 mnibus
250 2242 387 2323 publicus
421 2261 527 2303 cursus
559 2245 629 2303 usui
661 2244 718 2304 fuit
750 2251 851 2323 utpote
885 2246 978 2304 sacris
1012 2244 1147 2324 apicibus

130 2336 237 2413 accito,
265 2340 295 2393 et
322 2332 442 2412 quidem
470 2350 524 2411 per
547 2332 696 2394 domicilia
724 2333 868 2394 sodalium
895 2335 1147 2412 propinquorum-

131 2441 201 2502 que,
225 2421 277 2482 ubi
301 2440 370 2482 sane
394 2422 486 2480 manti
509 2439 623 2482 moram
646 2440 707 2483 non
725 2422 919 2482 veraedornm
939 2424 1073 2501 paucitas
1092 2422 1145 2484 sed

131 2513 294 2572 amicorum
312 2510 469 2572 multitudo
490 2509 624 2592 iaciebat,
648 2530 722 2590 quae
742 2510 815 2571 mihi
834 2518 897 2571 arto
917 2510 1053 2590 inplicita
1067 2530 1146 2572 com-

130 2599 219 2678 plexu
242 2603 317 2661 itum
340 2601 528 2678 reditumque
551 2599 668 2661 felicem
687 2599 870 2661 certantibus
889 2602 966 2661 votis
986 2619 1146 2680 conpreca-

90 2709 116 2748 25
130 2688 226 2749 batur.
273 2692 316 2750 sic
343 2690 461 2769 Alpium
491 2691 569 2767 iugis
601 2691 882 2769 appropinquatum3
916 2708 1043 2767 quarum
1073 2689 1146 2750 mibi

132 2779 208 2837 citus
232 2785 262 2838 et
285 2778 379 2838 facilis
403 2796 545 2839 ascensus
569 2785 599 2838 et
622 2780 700 2838 inter
723 2779 873 2856 utrimque
892 2780 1035 2838 terrentis
1054 2777 1146 2838 latera

130 2869 283 2944 praerupti
298 2868 406 2927 cavatis
421 2870 452 2927 in
467 2865 571 2927 callem
585 2865 703 2927 nivibus
718 2868 826 2927 itinera
840 2866 960 2927 mollita.
994 2864 1024 2928 3.
1043 2867 1146 2928 fluvio·

131 2973 198 3014 rum
222 2973 350 3036 quoque,
374 2957 400 3016 si
423 2958 474 3034 qui
496 2973 557 3015 non
580 2954 770 3037 navigabiles,
793 2956 865 3015 vada
885 2954 1048 3037 commoda,
1072 2954 1145 3034 [vel]

132 3051 212 3103 certe
230 3045 324 3122 pervii
343 3052 458 3125 pontes,
482 3062 556 3123 quos
576 3046 735 3122 antiquitas
755 3044 984 3105 afundamentis
1000 3044 1146 3124 adusque

204 3220 218 3268 1
234 3213 323 3267 istaec
336 3215 375 3282 L3
395 3213 451 3268 ista
465 3215 517 3269 hec
531 3214 569 3284 N,
589 3215 645 3269 ista
658 3215 729 3269 haec
744 3216 786 3285 M,
805 3215 862 3270 ista
877 3215 931 3270 hoc
947 3215 976 3284 0,
995 3215 1066 3270 haec
1085 3218 1147 3286 (om.

131 3285 197 3354 ista)
217 3286 243 3340 T
263 3287 272 3354 ΙΙ
296 3284 445 3339 bberenio
464 3286 565 3356 LNT,
589 3286 706 3341 heronio
726 3287 764 3340 M
769 3287 793 3342 0
811 3291 820 3353 ΙΙ
844 3286 990 3341 blitterns
1008 3289 1073 3340 tues
1093 3304 1145 3343 om.

130 3374 170 3427 sp.
185 3362 222 3412 16
237 3358 288 3413 litt.
303 3374 360 3412 noc.
375 3356 402 3409 L
415 3359 424 3425 l
440 3365 471 3412 11
490 3359 636 3411 numinum
650 3360 690 3415 ed.
706 3358 858 3414 Mediolon.
874 3363 947 3413 1498
962 3360 1037 3426 (item
1056 3359 1149 3414 Wilu-

130 3431 266 3497 mowita);
283 3427 429 3482 nominum
447 3430 524 3484 codd.
557 3427 702 3483 hominum
725 3431 884 3485 Wouweren
900 3431 909 3498 ll
924 3434 957 3485 28
975 3428 1022 3484 vel
1041 3446 1092 3484 om.
1112 3430 1150 3499 L,

118 3515 141 3551 s.
163 3501 180 3551 l.
201 3502 267 3556 add.
283 3499 321 3555 N
326 3501 340 3570 ¹,
362 3501 394 3555 r'n
412 3517 497 3572 nzarp.
519 3471 557 3570 l⁷;
575 3501 695 3572 seclusit
