2414 3864
84 165 256 225 SIDONIUS
273 168 419 226 DOMINO
439 168 557 224 PAPAE
576 169 769 228 PERPETUO
789 171 967 242 SALUTEM.
994 174 1069 240 {155

75 324 212 402 oragines
244 328 274 382 et
304 319 483 398 flagitiorum
515 319 667 381 volutabra
699 321 844 400 gradienti
874 324 1069 401 professionis

74 415 180 474 uiusce
199 409 316 491 pondus
334 411 496 489 impactum
515 417 573 490 est,
592 416 623 470 et
640 412 724 489 prius
744 428 832 490 mam
849 409 904 472 nlli
921 411 1069 474 bonorum

75 501 178 562 eddam
202 496 548 579 discentisobsequium,
571 516 661 576 cogor
679 498 788 566 dehere
807 501 916 560 ceteris
934 501 1069 562 docentis

75 591 195 651 ilicium.
233 587 360 648 adicitur
377 585 446 647 huie
465 586 688 666 inpossibilitati
705 587 821 667 pondus
837 588 971 669 pudoris,
990 590 1069 669 quod

75 679 130 740 nihi
147 676 338 758 peculiariter
355 677 480 756 paginae
494 675 650 737 decretahs
665 677 764 737 oblatu
778 677 926 755 pontilicis
941 678 1069 757 eligendi
1096 692 1109 734 s

75 768 218 829 laudastis
245 764 401 826 arbitrium
425 782 524 825 coram
548 772 735 825 sacrosancto
759 773 789 826 et
810 767 985 845 pontificatu
1008 786 1068 827 ma·

75 859 136 917 imo
158 856 333 942 dignissimo
356 870 444 934 papa3
468 855 520 932 qui
543 871 610 914 cum
634 856 673 913 sit
693 871 764 914 suae
782 857 953 934 provinciae
971 863 1068 937 caput,

75 947 100 1006 it
124 947 213 1006 etiam
235 943 309 1003 mihi
331 960 389 1002 usu
411 944 611 1022 institutione,
638 942 775 1003 facundia
797 944 966 1025 privilegio,
992 951 1068 1005 tem·

75 1051 128 1110 pore
150 1039 245 1094 aetate
273 1033 485 1112 praestantior,
512 1049 567 1109 ego
590 1032 685 1110 deque
714 1049 872 1112 coramque
896 1033 1067 1113 metropoli·

75 1129 126 1183 tono
146 1120 237 1182 verba
259 1120 400 1200 lecturus,
424 1126 453 1179 et
475 1119 666 1198 provinciahs
685 1126 715 1181 et
737 1122 845 1202 iunior,
868 1124 980 1200 pariter
1003 1123 1067 1184 lero
1081 1138 1108 1178 ro

75 1211 186 1290 imperiti
207 1207 427 1289 verecundiam,
449 1210 584 1286 procacis
606 1208 756 1269 invidiam.
799 1208 827 1270 7.
852 1210 904 1270 sed
927 1213 1067 1290 qnoniam

75 1306 154 1360 restro
181 1301 225 1360 sic
253 1296 370 1358 libitum
397 1299 506 1377 errori,
533 1304 566 1357 ut
593 1299 657 1375 ipse
684 1297 842 1375 prudentia
869 1317 974 1366 carens
996 1318 1067 1378 pru-

76 1384 174 1450 dentem
199 1386 285 1447 vobis
311 1388 344 1446 in
371 1388 515 1464 cuiusque
542 1403 701 1464 personam
728 1385 804 1446 bona
828 1386 919 1447 multa
942 1405 1066 1450 concur-

76 1484 126 1537 rant
145 1477 199 1538 sub
219 1494 275 1556 ope
294 1474 405 1537 Christi
424 1476 597 1554 episcopum
615 1477 779 1556 exquiram,
801 1479 945 1537 noveritis
963 1476 1066 1538 huius-

76 1565 136 1626 modi
161 1582 286 1627 assensu
312 1561 438 1626 multum
465 1581 513 1623 me
540 1563 677 1643 honoris,
704 1563 771 1643 plus
795 1566 895 1624 oneris
919 1567 1065 1644 excipere.
1081 1566 1120 1621 rs'

76 1655 184 1726 primore
207 1653 272 1714 loco
296 1652 438 1731 grandem
460 1651 595 1731 publicae
618 1654 767 1731 opinionis
792 1654 938 1713 sarcinam
960 1655 1065 1732 pendi·

76 1742 128 1824 tote,
148 1743 226 1823 quod
250 1743 420 1802 iniunxistis
443 1742 600 1820 incipienti
622 1749 826 1803 consummata
849 1742 958 1802 iudicia
977 1750 1065 1822 atque

76 1825 174 1893 abhoc
197 1837 312 1892 rectum
335 1829 453 1890 consilii
475 1831 625 1890 tramitem
647 1829 818 1912 postulatis,
845 1833 878 1890 in
900 1849 959 1910 quo
983 1850 1065 1892 reco-

76 1909 120 1980 litis
138 1920 233 1982 adhuc
255 1936 351 1998 nuper
374 1925 513 1980 erratum.
549 1919 641 1996 igitur
660 1921 728 1996 quia
747 1918 830 1979 vobis
850 1919 880 1979 id
899 1921 955 1981 luit
973 1921 1065 2003 cordi,

76 2002 190 2090 obsecro,
218 2015 264 2089 ut,
292 2006 394 2086 quales
421 2025 480 2070 nos,
505 2007 563 2067 fide
591 2007 726 2088 creditis,
753 2006 827 2068 tales
850 2010 1106 2087 intercessionem

76 2090 167 2160 laniatis
197 2105 285 2176 atque
314 2096 477 2174 dignemini
504 2095 700 2156 humilitatem
724 2104 855 2157 nostram
880 2098 1064 2160 orationibus

76 2188 152 2258 ptius
175 2190 207 2247 in
230 2184 344 2246 caelum
364 2186 443 2246 ferre
462 2203 551 2264 quam
568 2184 730 2263 plausibus.
768 2184 797 2248 8.
816 2189 946 2265 primum
964 2195 1065 2248 tamen

76 2287 141 2338 nosse
163 2294 215 2336 vos
239 2293 292 2354 par
316 2282 371 2355 est,
393 2268 425 2334 in
449 2292 521 2353 quas
545 2292 592 2333 me
616 2273 821 2352 obloquiorum
846 2274 957 2354 Scyllas
981 2284 1010 2336 ct
1033 2278 1064 2336 in

76 2375 129 2438 quos
150 2365 327 2445 linguarum,
356 2363 408 2423 sed
430 2362 635 2444 humanarum,
657 2362 779 2423 latratus
803 2364 989 2442 quorundam
1013 2382 1064 2424 vos

76 2448 193 2516 hiemare
217 2458 377 2513 conantum
399 2451 487 2511 turbo
510 2453 680 2511 coniecerit.
717 2459 762 2511 est
785 2454 865 2512 enim
883 2453 955 2513 haec
975 2471 1063 2532 quae·
1077 2466 1104 2507 2⁵

76 2535 125 2602 lam
148 2547 193 2604 vis
221 2541 307 2602 malis
335 2539 481 2619 moribus,
509 2545 542 2600 ut
569 2542 768 2600 innocentiam
791 2541 990 2602 multitudinis
1014 2542 1063 2603 de-

76 2638 209 2694 venustent
228 2629 340 2691 scelera
357 2646 529 2709 paucorum,
547 2646 616 2688 cum
633 2634 732 2687 tamen
751 2646 767 2687 e
787 2629 903 2690 diverso
918 2629 1064 2693 bonorum

77 2721 158 2782 tanus
180 2720 292 2798 flagitia
314 2718 475 2779 multorum
497 2723 626 2796 nequeat
644 2734 785 2777 excusare
805 2717 964 2780 virtutibus
984 2738 1063 2780 com·

77 2812 217 2871 amicans.
250 2805 279 2870 9.
295 2810 321 2868 si
334 2808 503 2886 quempiam
517 2808 707 2866 nominavero
722 2806 943 2889 monachorum,
961 2827 1063 2888 quam-

77 2891 108 2952 tis
124 2897 211 2978 illum,
238 2896 336 2958 Paulis
359 2897 505 2976 Antoniis,
527 2894 728 2956 Hilarionibus
750 2895 886 2956 Macariis
910 2897 1063 2959 conseren·
1077 2912 1104 2953 ao

77 2976 139 3066 lum,
164 2993 290 3049 sectatae
314 2985 528 3045 anachoreseos
551 2987 755 3063 praerogativa
777 2987 948 3066 comitetur,
976 3005 1063 3049 aures

78 3065 127 3133 ilico
149 3095 230 3138 meas
259 3074 411 3135 incondito
442 3073 571 3134 tumultu
604 3075 857 3151 circumstrepitas
889 3075 1063 3153 ignobilium

79 3163 246 3230 lumilionum
276 3181 413 3223 murmur
441 3163 593 3223 everberat
621 3169 868 3241 conquerentum:
902 3155 979 3246 ‘hic,
1012 3169 1062 3244 qui
1087 3192 1101 3216 ο

132 3318 210 3372 insu
228 3317 299 3385 LV,
321 3333 370 3372 om.
386 3316 458 3370 ΝΜ
461 3316 527 3384 CT,
552 3317 598 3370 sed
620 3316 650 3368 in
673 3332 706 3370 ec
729 3314 908 3370 institutione
926 3318 959 3370 in
975 3321 1063 3372 raud

83 3372 185 3459 llll-dP}
201 3393 230 3443 et
242 3386 393 3469 privilegio
404 3389 429 3442 T
441 3391 450 3457 ΙΙ
465 3394 480 3441 9
497 3388 591 3441 notate
605 3387 681 3457 (aeta
694 3388 726 3441 in
735 3404 789 3442 res.
799 3387 905 3456 M‘)M,
925 3389 953 3441 et
968 3389 1062 3441 aetate

82 3443 154 3593 {oluff
168 3457 359 3540 huiuscemod1
374 3459 398 3514 0
406 3462 417 3530 l)
431 3465 465 3513 32
485 3458 747 3530 circumstrepitnns
766 3458 894 3517 Parisino.
908 3462 987 3514 2784
1002 3459 1083 3522 tatem
