2414 3864
92 164 160 230 344
462 165 616 224 CARMEN
634 165 733 222 xxm.

253 317 381 377 intrares
404 316 616 378 venerantibus
639 315 812 395 Sygambris

254 405 325 466 solis
348 406 482 467 moribus
504 408 585 466 inter
608 423 688 466 arma
711 411 809 487 tutus,

251 500 284 555 tu
306 494 450 556 Maeotida
474 495 654 574 Caspiasque
677 501 794 575 portas,

251 590 284 644 tu
307 583 395 644 fluxis
418 587 548 663 equitata
572 583 676 644 Bactra
698 582 818 644 Parthis

180 683 233 734 250
253 679 391 732 constans
415 673 641 752 intrepidusque
665 674 709 732 sic
727 672 844 754 adires,

251 768 285 822 ut
306 761 384 822 fastu
407 763 505 841 posito
529 764 671 822 tumentis
695 760 778 821 aulae

252 852 303 928 qui
327 868 416 930 supra
439 857 571 930 satrapas
595 851 680 910 sedet
701 856 851 929 tyrannus

251 945 371 999 ructans
396 939 560 1000 semideum
582 940 821 1018 propinquitates

251 1026 385 1088 lunatum
407 1027 464 1088 tibi
487 1028 622 1089 flecteret
644 1031 757 1088 tiaram.

178 1127 230 1177 255
250 1123 296 1197 tu,
321 1118 346 1177 si
369 1115 487 1196 publica
511 1118 569 1179 fata
592 1135 653 1177 non
675 1123 826 1198 vetarent,

249 1212 283 1266 ut
305 1205 429 1284 Byrsam
451 1213 570 1285 peteres
592 1205 639 1266 vel
661 1206 817 1266 Africanae

248 1293 364 1354 telluris
387 1294 572 1356 Tanaiticum
595 1294 751 1376 rebellem,

249 1384 405 1444 confestim
429 1386 526 1463 posito
549 1384 650 1444 furore
673 1383 775 1444 Martis

249 1479 317 1552 post
338 1474 463 1551 piratica
486 1473 593 1533 damna
617 1473 780 1533 destinaret

178 1573 229 1623 200
248 1560 352 1640 plenas
375 1561 525 1622 mercibus
549 1564 670 1622 institor
693 1563 824 1642 carinas,

250 1657 280 1710 et
302 1668 356 1729 per
379 1657 408 1710 te
431 1649 508 1710 bene
531 1669 603 1729 pace
628 1652 765 1711 restituta
797 1645 801 1653 '

249 1756 309 1800 non
331 1738 409 1799 ultra
431 1739 506 1798 mihi
528 1738 605 1799 bella
627 1741 808 1818 navigarent.

292 1827 353 1888 lant
377 1830 403 1888 si
427 1829 505 1889 seria
528 1828 603 1888 forte
627 1831 837 1889 terminantem

249 1924 278 1975 te
302 1915 469 1995 spectacula
493 1924 633 1996 ceperant
656 1917 778 1998 theatri,

177 2016 229 2065 205
248 2003 376 2084 pallebat
399 2005 508 2066 chorus
531 2009 628 2066 omnis
651 2006 845 2088 histrionum,

250 2101 397 2172 tamquam
421 2096 447 2154 si
469 2094 645 2155 Arcitenens
668 2113 832 2174 novemque
856 2095 974 2160 Musae

246 2189 370 2261 propter
392 2183 505 2262 pulpita
528 2183 642 2244 iudices
666 2184 814 2245 sederent.

248 2290 347 2331 coram
370 2279 399 2332 te
424 2271 605 2333 Caramallus
630 2280 680 2333 aut
701 2272 854 2333 Phabaton

250 2359 359 2421 clausis
382 2360 518 2422 faucibus
542 2368 571 2422 et
595 2360 734 2440 loquente
757 2368 844 2440 gestu

176 2461 230 2511 270
249 2456 336 2530 nutu,
360 2468 461 2531 crure,
484 2468 575 2530 genu,
598 2468 701 2531 manu,
724 2458 823 2511 rotatu

247 2544 309 2598 toto
332 2541 364 2598 in
389 2539 537 2600 schemate
560 2538 608 2599 vel
631 2538 724 2600 semel
746 2539 865 2621 latebit,

248 2629 309 2687 sive
333 2627 451 2688 Aeetias
474 2634 504 2688 et
527 2646 599 2688 suus
622 2628 710 2689 lason

247 2715 431 2776 inducuntur
452 2716 496 2776 ibi
519 2718 659 2796 ferusque
683 2716 801 2797 Phasis,

248 2807 299 2884 qui
321 2807 415 2866 iactos
439 2823 529 2885 super
552 2825 621 2867 arva
645 2805 752 2867 Colcha
776 2806 886 2869 dentes

175 2906 227 2956 225
248 2897 377 2975 expavit,
401 2893 559 2955 fruticante
584 2913 651 2956 cum
676 2894 774 2956 duello

247 2985 338 3062 spicis
361 2982 475 3062 spicula
498 2986 590 3044 mixta
613 2984 807 3064 fluctuarent,

246 3074 307 3132 sive
331 3072 455 3151 prandia
479 3075 546 3151 quis
570 3073 663 3133 refert
685 3073 830 3151 Thyestae

247 3178 301 3220 seu
323 3168 453 3242 vestros,
476 3161 638 3222 Philomela
660 3169 759 3242 torva,
782 3161 942 3249 planctus,

246 3249 430 3329 discerptum
454 3258 504 3311 aut
526 3268 654 3330 puerum
678 3250 836 3330 cibumque
862 3253 987 3318 factum

175 3350 227 3400 280
246 3340 365 3399 iamiam
389 3341 523 3418 coniugis
546 3341 776 3421 innocentioris,

148 3537 205 3592 250
226 3531 273 3609 ut]
293 3501 326 3589 et
346 3530 458 3606 epau
475 3529 593 3586 talebot
609 3529 675 3598 ceu
