2414 3864
101 157 166 221 262
505 158 657 213 CARMEN
676 160 709 216 V.

191 307 308 368 horruit
330 307 539 389 Hippomenes,
563 308 656 369 multo
680 311 732 388 qui
755 310 885 389 caespite
910 310 983 370 circi

191 396 363 477 contemptu
385 400 568 476 praemissus
592 405 664 479 erat,
687 416 755 459 cum
779 399 910 459 carceris
933 405 1016 458 antro

121 497 172 547 1⁷0
191 488 314 546 emicuit
335 488 441 565 pernix
464 487 574 567 populo
597 487 763 566 trepidante
788 489 899 567 virago,

190 574 232 634 nil
255 583 318 636 toto
341 582 454 636 tactura
478 576 579 658 gradu,
603 594 671 636 cum
694 574 820 654 pallidus
844 574 895 636 illo

190 667 355 744 respiceret
376 665 508 725 medium
530 672 599 744 post
621 683 653 726 sc
677 664 852 725 decrescere
875 682 1014 745 campum

190 760 220 813 et
243 752 345 832 longas
369 753 404 813 ad
429 756 512 832 signa
535 757 597 815 vias
621 754 750 832 flatuque
773 755 943 833 propinquo

189 860 312 921 pressus
335 845 367 902 in
389 843 491 902 hostili
513 845 572 903 iam
596 849 730 903 curreret
753 844 859 903 anxius
882 842 998 924 umbra,

124 941 174 991 1⁷5
193 929 288 991 donec
312 931 347 990 ad
371 931 535 992 anfractum
558 939 654 993 metae
678 933 737 991 iam
760 934 879 1010 iamque
903 931 1027 993 relictus

194 1021 309 1080 concita
331 1027 378 1080 ter
402 1039 503 1098 sparso
528 1021 617 1099 fregit
638 1022 762 1099 vestigia
784 1038 882 1100 pomo.

193 1111 245 1187 qui
268 1109 347 1169 videt
368 1109 448 1169 hunc
472 1111 612 1190 equitem,
634 1109 783 1170 Ledaeum
807 1111 925 1188 spernit
947 1110 1089 1170 alumi*
1099 1120 1141 1166 1111]

191 1217 225 1258 ac
247 1200 394 1279 iuvenem,
417 1197 612 1278 Stheneboea,
635 1204 728 1278 tuum,
752 1200 802 1258 cui
824 1204 910 1276 terga
932 1206 1113 1260 vetustus

190 1288 311 1365 pennati
333 1285 457 1366 largitur
480 1290 550 1366 equi
572 1286 751 1367 Lyciamque
775 1285 963 1348 Chimaeram

122 1387 173 1437 180
193 1394 281 1455 quem
304 1394 461 1454 superasse
486 1377 586 1458 reiert,
609 1375 716 1437 vulnus
739 1394 808 1435 cum
831 1375 953 1436 sustulit
977 1393 1107 1438 ununr

191 1472 252 1524 tres
276 1466 397 1524 animas.
442 1467 532 1525 vitam
554 1473 617 1526 tum
642 1467 668 1525 si
690 1463 746 1525 tibi
769 1465 828 1524 lata
851 1463 1015 1547 dedissent,

188 1553 348 1613 Maioriane
372 1554 465 1634 lerox,
486 1557 632 1615 vetuisses
655 1553 778 1615 Castora
800 1553 913 1632 frenos,

188 1641 339 1702 Pollucem
362 1650 487 1724 caestus,
509 1643 650 1704 Alconem
673 1641 787 1722 spicula
809 1659 910 1723 nosse,

189 1730 414 1791 Bellerofonteis
437 1732 633 1792 insultaturus
657 1734 772 1811 opimis.

121 1831 171 1881 185
192 1823 218 1880 si
241 1819 370 1898 clipeum
393 1822 498 1902 capiat,
520 1823 612 1881 vincit
634 1820 792 1881 Telamone
817 1826 960 1901 creatum,

191 1911 242 1987 qui
264 1927 378 1987 puppes
401 1911 480 1970 inter
503 1908 605 1970 Graias
630 1916 732 1970 contra
754 1908 892 1970 Hectoris
916 1912 1014 1988 ignem

190 1999 286 2075 ipsam
310 1999 398 2057 etiam
421 1999 506 2059 inlidi
528 1999 654 2059 classem
677 1998 810 2058 defendit
831 1997 936 2058 Ulixis.

189 2085 302 2145 missile
327 2088 352 2146 si
376 2094 485 2164 quanto
508 2087 653 2148 iacrdetur
675 2087 808 2167 pondere
831 2089 961 2167 quaeris,

190 2177 310 2253 segnius
334 2177 463 2236 insertae
486 2176 639 2256 trepidans
662 2194 717 2255 pro
741 2176 820 2236 lasce
844 2174 983 2236 Camillae

119 2277 169 2325 199
189 2266 321 2325 excussit
343 2263 435 2324 telum
457 2264 600 2345 Metabus,
623 2283 679 2325 nec
701 2263 821 2325 turbine
844 2271 927 2325 tanto

188 2353 313 2414 stridula
335 2352 453 2414 Pelidae
476 2372 530 2433 per
553 2353 674 2415 Troilon
698 2355 771 2414 exiit
794 2370 900 2433 ornus3

187 2460 242 2502 nec
267 2445 309 2503 sic
332 2443 457 2504 heroum
480 2443 646 2504 tardantem
668 2441 755 2503 busta
778 2441 938 2502 Creontem

187 2532 302 2592 Atticus
325 2532 451 2610 Aegides
474 2534 555 2610 rupit
577 2531 779 2592 Marathonide
803 2549 930 2611 quercu3

188 2638 243 2680 nec
267 2622 309 2680 sic
333 2623 476 2681 intortum
499 2621 623 2681 violatae
646 2619 819 2680 Phoebados
842 2618 936 2680 ultrix

119 2720 169 2769 195
189 2709 220 2767 in
243 2708 358 2769 Danaos
381 2709 492 2770 fulmen
516 2712 594 2788 iecit,
619 2728 685 2770 oum
709 2708 832 2769 Graecia
855 2708 961 2769 Troiae

188 2804 307 2858 noctem
329 2797 432 2858 habuit
456 2797 642 2877 similemque
666 2799 761 2858 lacem
783 2798 920 2876 fixusque
944 2793 1049 2858 Calerci

189 2886 324 2947 cautibus
347 2889 425 2947 inter
448 2905 539 2967 aquas
563 2887 710 2947 flammam
733 2885 869 2946 ructabat
892 2884 1001 2946 Oileus.

188 2993 277 3053 parva
291 2975 404 3055 loquor.
442 2976 512 3055 quid
532 2976 620 3055 quod,
639 2977 777 3054 quotiens
795 2974 851 3035 tibi
869 2973 947 3035 bella
961 2976 1090 3053 geruntur,

189 3062 363 3144 discipulus,
387 3083 445 3125 non
469 3065 555 3125 miles
580 3061 686 3125 adest?
710 3070 739 3124 et
762 3064 848 3143 fingit
871 3063 1032 3124 alumnum:

117 3163 170 3212 too
189 3152 322 3213 aemulus
346 3162 466 3215 econtra
489 3161 611 3233 spectat.
657 3153 734 3232 quod
758 3154 875 3233 viceris,
900 3152 963 3213 odit

173 3383 224 3431 169
244 3378 406 3446 contempto
427 3378 521 3446 OTF,
540 3378 671 3432 contento
691 3377 719 3432 P
738 3380 747 3447 l
771 3381 823 3432 180
842 3377 972 3450 sustulit]
993 3370 1100 3444 subripit

93 3449 292 3596 e{⁸,Hspscipit
311 3446 447 3504 TbOPF
460 3454 469 3520 ΙΙ
485 3455 535 3504 194
553 3447 674 3504 violatae
689 3448 738 3518 M,·
755 3449 790 3516 cf.
805 3465 828 3504 c.
847 3449 989 3519 V11,oaq
1005 3453 1052 3504 tot
1068 3442 1102 3515 et]
