2392 3854
88 145 154 210 324
474 145 627 201 CARMEN
645 146 718 203 XVI.

177 297 286 374 quique
311 297 399 355 ctiam
423 296 517 355 iustos
541 295 577 356 ad
601 303 719 375 tempus
743 315 866 376 surgere
888 305 980 357 tecum
1039 360 1040 364 ,

125 398 158 448 65
178 387 292 445 iussisti
314 386 444 464 cineres,
467 403 535 445 cum
558 387 645 445 tectis
668 393 803 464 tempore
827 384 913 464 longo

178 476 287 552 irrupit
309 474 415 534 festina
438 471 517 534 salus
540 474 698 552 infusaque
722 477 832 553 raptim

178 565 310 624 excussit
332 560 454 623 tumulis
477 560 618 623 solidatas
641 565 701 624 rita
724 563 850 624 favillas:

178 652 214 712 da
236 651 375 712 Faustum
398 650 516 712 laudare
540 658 638 733 tuum,
661 651 698 712 da
721 651 836 714 solvere
860 659 967 732 grates,

179 759 251 819 quas
274 747 393 820 etpost
416 739 524 801 debere
547 742 635 801 iuvat.
677 749 720 818 te,
739 759 845 821 magne
869 741 1006 817 sacerdos,

127 843 159 890 ro
178 830 312 890 barbitus
335 829 383 889 bio
406 836 509 890 noster
530 828 644 908 plectro
668 829 738 891 licet
760 833 874 910 impare
898 835 993 890 cantat

223 918 301 979 Haec
325 920 416 996 igitur
438 920 534 996 prima
557 925 604 978 est
625 917 672 978 rel
696 938 784 980 causa
807 918 855 980 rel
878 921 952 979 actio
970 912 1064 982 laudum,

181 1007 258 1087 quod
282 1007 356 1067 mihi
380 1009 528 1088 germani,
552 1007 623 1067 dum
645 1006 760 1068 lubrica
783 1007 910 1068 volu'tur
931 1014 1010 1083 aetas,
1110 1068 1112 1099 Ι

181 1103 316 1158 servatus
339 1103 439 1156 tecum
462 1095 575 1156 domini
596 1115 651 1175 per
674 1096 751 1157 dona
773 1096 916 1176 probatur

182 1205 237 1246 nec
260 1186 336 1246 lama
359 1184 508 1245 titubante
530 1185 640 1266 pudor;
664 1192 693 1245 te
716 1188 841 1264 respicit
863 1185 942 1246 istud

130 1286 163 1336 75
183 1283 455 1355 quantumcumque
477 1272 602 1354 bonum;
625 1292 741 1335 merces
765 1273 922 1335 debebitur
943 1272 993 1352 illi,

184 1364 233 1425 ille
257 1363 320 1425 tibi.
366 1365 405 1422 sit
427 1362 505 1441 laus,
530 1365 556 1423 si
578 1361 638 1422 labi
661 1362 769 1444 noluit,
792 1365 873 1444 eius3

185 1471 253 1514 nam
277 1451 356 1531 quod
379 1469 435 1512 nec
457 1453 567 1531 potuit,
590 1459 685 1513 totum
708 1452 745 1513 ad
767 1460 796 1513 te
820 1455 886 1513 iure
909 1446 1041 1512 redundat

185 1548 340 1621 praeterea
364 1540 443 1619 quod
466 1558 514 1600 me
537 1540 655 1618 pridem
677 1540 767 1602 Reios
789 1543 941 1622 veniente,

187 1648 255 1691 cum
276 1628 410 1708 Procyon
433 1629 559 1709 fureret,
582 1648 648 1689 cum
676 1629 746 1690 solis
769 1630 902 1691 torridus
926 1630 995 1709 ignis

134 1730 167 1779 80
187 1717 335 1780 flexilibus
358 1719 444 1778 rimis
468 1719 603 1778 sitientes
627 1718 772 1779 scriberet
794 1737 897 1799 agros,

185 1809 302 1887 bospite
325 1813 355 1867 te
378 1814 496 1867 nostros
520 1809 636 1885 excepit
658 1809 794 1886 protinus
819 1816 919 1869 aestus

184 1917 256 1976 pax,
279 1896 399 1976 domus,
422 1895 536 1976 umbra,
559 1894 645 1976 latex,
668 1895 847 1978 benedictio,
870 1915 978 1976 mensa,
997 1877 1074 1953 cubili·

185 1985 322 2046 omnibus
346 1992 475 2045 attamen
498 1985 545 2044 bis
568 1991 615 2045 sat
637 1992 781 2065 praestat,
805 1986 885 2064 quod
907 1984 1026 2059 voluisti,

184 2083 218 2136 ut
242 2081 361 2135 sanctae
384 2075 488 2133 matris
512 2082 647 2133 sanctum
670 2092 787 2152 quoque
811 2074 903 2136 limen
926 2075 1032 2135 adirem.

132 2175 165 2224 85
185 2164 308 2243 dirigui,
332 2163 440 2243 fateor,
463 2162 537 2222 mihi
560 2165 697 2223 conscius
721 2170 808 2242 atquc
832 2172 955 2243 repente

185 2255 274 2315 tinxit
297 2252 469 2313 adorantem
491 2251 598 2330 pavido
622 2254 787 2312 reverentia
810 2251 937 2334 vultum3

185 2363 241 2405 nec
264 2360 351 2403 secus
374 2342 529 2421 intremui,
553 2359 641 2419 quam
665 2342 692 2400 si
714 2358 762 2400 me
785 2341 862 2402 sorte
886 2341 1024 2402 Rebeccae

182 2431 276 2493 lsrael
299 2438 349 2491 aut
372 2428 490 2491 Samuel
514 2432 639 2490 crinitus
664 2430 786 2491 duceret
808 2431 919 2491 Annae.

186 2527 366 2600 quapropter
388 2526 417 2579 te
440 2517 487 2578 vel
509 2520 585 2579 votis
612 2521 675 2578 sine
699 2520 757 2580 sine
781 2518 915 2581 colentes

133 2620 167 2669 90
187 2611 324 2670 allectum
347 2626 484 2687 magnum
507 2626 562 2686 per
587 2611 718 2668 carmina
740 2626 830 2687 parva
854 2609 985 2670 latemur.

231 2698 290 2758 Seu
313 2704 342 2756 te
365 2697 529 2757 flammatae
554 2696 655 2775 Syrtes
678 2704 708 2757 et
731 2697 880 2776 inhospita
902 2706 1001 2776 tesqua

187 2805 239 2847 seu
263 2804 353 2847 caeno
377 2785 522 2846 viridante
545 2785 629 2865 palus
653 2804 707 2847 seu
729 2788 813 2864 nigra
836 2805 957 2847 recessu

187 2874 330 2936 incultum
353 2893 437 2953 mage
461 2892 529 2934 saxa
552 2881 667 2950 tenent,
691 2874 743 2935 ubi
766 2873 828 2934 sole
853 2883 966 2936 remoto

187 2982 312 3025 concava
335 2961 490 3043 longaevas
513 2971 665 3024 asservant
687 2971 771 3024 antra
794 2964 949 3045 tenebras3

137 3065 170 3112 95
190 3071 243 3113 seu
266 3060 296 3113 te
319 3054 488 3132 praeruptis
510 3059 647 3130 porrecta
670 3055 701 3113 in
725 3052 850 3132 rupibus
870 3053 952 3132 Alpis

190 3143 357 3202 succinctos
383 3139 479 3220 gelido
502 3138 642 3201 libantem
666 3144 795 3222 caespite
820 3161 953 3222 somnos,

195 3229 387 3311 anachoreta,
410 3231 511 3291 tremit
539 3224 629 3312 (quae
653 3248 829 3309 quamquam
853 3233 962 3311 frigora
983 3219 1071 3310 portel

172 3367 206 3418 78
224 3361 355 3418 veniente
373 3366 470 3436 oolpo;
488 3364 648 3419 venientem
667 3367 742 3421 codd.
757 3369 767 3436 Ι
781 3371 815 3422 83
833 3368 869 3435 os.
892 3368 1017 3440 prriuo.
1030 3339 1088 3410 ὅθι·

98 3453 129 3506 p.
144 3439 210 3503 211,
224 3438 261 3489 12
278 3435 402 3503 (Peiper)
415 3439 424 3505 l
439 3442 471 3490 85
487 3434 598 3505 derigui
611 3436 803 3508 Daretp'olcooo;
821 3441 856 3506 cf.
867 3440 942 3495 nott.
956 3455 977 3494 o.
986 3433 1025 3502 H,
1036 3417 1089 3482 39⁰³

95 3509 203 3567 Paootr'
214 3524 286 3581 parc.
302 3510 338 3563 19
351 3508 362 3578 l
375 3511 410 3561 93
427 3505 535 3561 inculto
555 3507 703 3563 Morooucu
715 3511 728 3578 [l
739 3515 773 3564 95
791 3512 937 3579 porrectae
957 3507 1006 3564 OT
1015 3506 1024 3576 Ι
