2414 3864
409 174 562 231 CARMEN
580 175 653 232 XIV.

187 332 336 386 sextantes
360 325 431 404 legit
452 327 615 403 unciasque
638 325 712 406 fisci,

187 415 378 494 Marsyaeque
401 417 486 475 timet
508 432 627 474 manum
651 432 684 474 ac
708 413 873 494 rudentem,

187 506 239 583 qui
261 503 373 565 Phoebi
396 522 433 564 ex
456 502 524 562 odio
547 505 709 564 vetustiore

133 606 168 654 40
187 612 266 654 nuno
290 593 449 672 suspendia
472 592 587 653 vatibus
610 594 747 653 minatur.

490 818 578 884 XIV.

214 939 380 997 SIDONIUS
400 940 560 997 POLEMIO
580 940 649 996 SUO
669 941 847 996 SALUTEM.

94 1053 123 1116 1.
147 1056 223 1116 [lum
254 1062 328 1134 post
350 1056 564 1134 profectionem
596 1063 691 1136 tuam,
723 1057 765 1115 mi
790 1054 916 1134 Polemi,
948 1055 1040 1114 frater

68 1146 243 1225 entissime,
269 1162 388 1205 meeum
414 1145 565 1223 granditer
592 1151 710 1223 reputo,
739 1145 877 1221 quatinus
904 1146 937 1203 in
964 1145 1040 1203 votis

68 1247 85 1289 s
107 1233 275 1314 philosophi
290 1232 475 1293 Fescennina
494 1240 651 1313 cantarem,
675 1231 808 1311 obrepsit
826 1233 958 1312 materia,
982 1250 1039 1310 qua

68 1337 152 1382 :ursa
185 1321 270 1382 facile
303 1321 418 1382 dinosci
454 1321 530 1383 valet
561 1324 655 1400 magis
686 1339 734 1381 me
767 1320 918 1380 doctrinae
951 1339 1040 1399 quam
1067 1338 1080 1378 a

68 1425 134 1472 usae
156 1419 223 1472 tuae
247 1411 386 1471 habuisse
410 1413 563 1471 rationem.
605 1413 714 1470 omissa
736 1411 836 1488 itaque
860 1409 1040 1488 epithalamii

68 1500 227 1561 teritudine
248 1518 303 1579 per
321 1502 499 1578 asperrimas
518 1498 720 1579 philosophiae
740 1506 769 1559 et
788 1497 1039 1559 salebrosissimas

68 1589 145 1659 :uias
168 1588 270 1650 stilum
292 1591 382 1670 traxi,
410 1607 535 1668 quarum
558 1588 626 1648 talis
654 1588 726 1647 ordo
750 1594 808 1667 est,
831 1593 865 1647 ut
887 1589 952 1647 sine
975 1587 1039 1666 plu-

68 1680 113 1738 1is
131 1680 215 1738 novis
234 1677 342 1758 verbis,
366 1695 440 1757 quae
459 1678 589 1756 praelata
608 1695 679 1757 pace
698 1676 881 1754 reliquorum
900 1675 1040 1754 eloquen-

68 1781 94 1826 n
116 1766 283 1846 specialiter
306 1766 361 1826 tibi
380 1774 410 1826 et
428 1765 656 1845 Complatonicis
675 1767 735 1826 tuis
754 1771 823 1825 nota
843 1772 921 1846 sunt,
944 1782 1039 1842 nugae
1055 1784 1081 1824 ro

71 1873 110 1916 ae
141 1873 201 1915 non
233 1855 380 1916 valuerint
412 1855 553 1934 expediri.
609 1853 637 1915 2.
662 1854 787 1934 videris,
820 1861 920 1915 utrum
952 1872 1039 1914 aures

68 1944 214 2005 orundam
233 1962 288 2023 per
307 1945 486 2023 imperitiam
504 1951 624 2004 tenerae
643 1946 825 2004 mentionem
844 1945 948 2023 centri,
971 1960 1039 2022 pro-

68 2035 182 2112 rtionis,
205 2033 420 2112 diastematum,
443 2032 593 2094 climatum
616 2032 662 2093 vel
684 2051 832 2112 myrarum
852 2031 1039 2112 epithalamio

68 2121 246 2182 nducibilem
267 2139 328 2181 non
351 2127 463 2200 putent.
509 2121 582 2182 illud
606 2129 686 2183 certe
711 2121 859 2183 consulari
884 2123 947 2181 viro
970 2138 1039 2180 vere

68 2228 141 2290 gno,
166 2212 333 2289 quaestorio
352 2212 415 2270 viro
434 2209 588 2292 Domnulo,
611 2210 766 2290 spectabili
787 2213 851 2270 riro
869 2209 968 2269 Leone
987 2209 1039 2269 du·
1055 2227 1080 2268 ra
1126 2233 1129 2238 ·

68 2314 114 2360 ius
137 2299 276 2360 audacter
300 2298 422 2379 affirmo,
446 2301 590 2360 musicam
609 2306 639 2359 et
657 2299 853 2378 astrologiam,
877 2304 1041 2376 quaesunt

68 2385 106 2449 1'ra
146 2388 362 2449 arithmeticam
403 2391 615 2467 consequentia
655 2387 787 2448 membra
826 2386 1040 2466 philosophiae,

68 2475 196 2546 llatenus
224 2494 311 2555 posse
339 2479 404 2537 sine
427 2476 510 2537 hisce
540 2475 710 2536 nominibus
737 2475 876 2557 indicari,
910 2492 984 2553 quae
1014 2477 1040 2534 si

68 2568 176 2646 ispiam
199 2572 231 2626 ut
254 2564 374 2646 Graeca,
402 2567 480 2626 sicut
503 2574 585 2648 sunt,
613 2571 643 2625 et
668 2567 825 2643 peregrina
852 2563 941 2623 verba
969 2582 1038 2624 con-

68 2657 192 2735 npserit,
216 2655 332 2715 noverit
359 2653 417 2714 sibi
441 2662 492 2715 aut
520 2672 610 2733 super
631 2653 837 2714 huiuscemodi
861 2655 933 2713 artis
956 2670 1038 2712 men·
1053 2672 1080 2712 eo

68 2763 108 2805 ne
132 2742 387 2822 supersedendum
415 2749 465 2803 aut
491 2743 709 2804 nihilomnino
733 2761 764 2803 se
793 2748 843 2802 aut
871 2747 951 2802 certe
979 2758 1039 2801 non

88 2851 186 2894 assem
208 2832 319 2892 Latiari
341 2831 439 2910 lingua
463 2833 532 2892 hinc
550 2850 638 2911 posse
662 2832 819 2892 disserere.
857 2828 896 2890 3..
910 2830 988 2908 quod
1013 2831 1039 2890 si

67 2925 134 3002 quis
159 2939 245 2982 secus
273 2927 360 2999 atque
388 2939 488 2981 assero
516 2939 581 2981 rem
608 2939 639 2980 se
668 2920 776 2981 habere
804 2921 968 2999 censuerit,
1001 2918 1038 2978 do

68 3013 148 3074 idem
172 3009 278 3071 absens
306 3009 555 3071 obtrectatoribus
583 3028 699 3091 manus3
729 3009 779 3070 sed
807 3009 944 3069 noverint
971 3025 1038 3071 sen-

98 3181 166 3237 XIV
183 3187 199 3235 2
218 3199 265 3234 um
284 3181 370 3250 Pur,
394 3198 457 3234 cum
477 3180 520 3237 Tb
537 3184 582 3249 114
604 3178 770 3251 philosophe
794 3180 953 3248 Buecheler,
981 3177 1038 3234 tuis
1086 3198 1088 3203 ·

68 3258 111 3312 eri
133 3254 193 3310 cult
216 3253 397 3309 Wiluruouc'tu
423 3255 433 3322 l
460 3252 603 3307 tvaleret
623 3252 646 3308 O
669 3256 678 3322 ΙΙ
706 3250 869 3320 Bregiones
892 3251 1040 3306 Buecheler

68 3333 96 3382 [2
115 3328 229 3380 tenerae
252 3341 315 3394 epo;
337 3324 442 3378 temere
464 3325 540 3380 codd.
561 3323 751 3391 (Iacet'ohcuu
768 3325 873 3377 temere
896 3322 1039 3378 delendum

68 3401 124 3467 cet)
147 3398 156 3464 ll
178 3401 211 3449 14
230 3397 305 3448 certe
324 3397 356 3449 r'u
372 3396 427 3463 plue
444 3411 536 3450 uersus
554 3413 604 3450 our.
658 3397 667 3464 11
687 3399 719 3447 19
740 3393 813 3448 sicut
831 3395 896 3447 sunt
914 3395 943 3447 et
959 3407 1037 3461 pere-

69 3485 110 3524 na.
126 3468 175 3524 cul
192 3483 223 3535 o,·
242 3467 315 3520 sicut
329 3467 358 3520 et
372 3468 438 3520 sunt
451 3484 478 3535 p.
493 3468 570 3522 codd.
585 3471 642 3536 {120
657 3465 755 3538 super]
768 3481 878 3534 semper
892 3464 1039 3520 Buecheler

68 3538 157 3597 ortu
192 3535 323 3607 'rime
343 3537 387 3609 σι]
