2414 3864
134 179 197 244 108
495 179 604 234 LIBER
623 179 791 245 QUINTUS.

131 347 196 390 mae
220 331 320 408 potius
343 337 471 390 mortem
494 332 659 410 pertinere,
687 328 766 408 quod
793 330 931 390 vivimus,
977 346 1044 389 eeee
1064 346 1087 407 q

133 421 247 496 agimus
271 419 450 499 indicamus3
483 437 551 479 ecee
580 417 688 498 adhue,
721 417 793 496 quid
821 421 929 499 agatis,
961 419 1087 496 inquirim

132 506 166 568 fit
189 526 205 567 a
228 515 329 568 nostra
348 515 432 587 parte
452 506 530 586 quod
549 510 632 587 pium
651 514 706 587 est,
729 525 781 566 vos
801 506 943 586 deinceps
962 507 1048 568 laoite
1065 525 1087 585 ql

132 597 257 657 videtur.
299 596 372 657 illud
396 615 466 657 sane
489 595 571 656 velut
588 597 700 656 Atticas
721 595 802 674 leges
825 598 866 656 ita
890 599 955 656 aeri
973 595 1077 657 credite

106 689 242 767 enisum,
270 705 325 746 nos
349 685 404 747 sub
428 704 483 764 ope
508 685 619 746 Christi
646 703 809 763 numquam
831 684 1016 746 admissuros
1038 701 1087 746 amc

133 777 303 856 terminum,
326 777 411 836 equs
436 773 604 835 studuimus
629 773 752 835 fundare
776 776 967 854 principium.
1013 774 1076 834 vale.

610 999 666 1065 IV.

311 1121 481 1177 SIDONIUS
501 1121 683 1178 SIMPLICIO
703 1121 772 1177 SUO
792 1121 973 1204 SALUTEM.

186 1234 228 1297 ’1.
252 1236 337 1308 Quod
360 1254 421 1297 non
443 1238 544 1316 recepi
568 1239 678 1315 scripta
700 1238 752 1314 qui
769 1238 920 1317 miseram,
945 1239 1087 1315 imputoa

133 1327 230 1407 ciliae,
253 1326 305 1386 sed
330 1325 439 1404 deputo
460 1325 528 1404 plus
546 1324 662 1404 pudori.
704 1344 782 1406 nam,
804 1327 866 1385 nisi
882 1333 1004 1404 praeter
1022 1342 1087 1403 aequ

93 1438 119 1477 1o
133 1421 263 1496 autumo,
286 1422 319 1476 ut
343 1414 479 1475 salutatio
502 1414 576 1474 mihi
599 1414 698 1474 debita
721 1414 972 1496 dissimularetur,
994 1411 1087 1476 uonil

133 1506 317 1565 contumacia
350 1503 402 1564 sed
434 1503 613 1563 verecundia
642 1504 706 1564 luit.
756 1512 786 1564 at
815 1505 841 1563 si
868 1503 997 1564 ulterius
1024 1504 1087 1582 pagi

132 1595 275 1671 garrienti
297 1593 392 1652 iorem
416 1591 538 1673 claudis,
565 1591 719 1671 pessulum
743 1594 883 1674 opponis,
909 1595 1005 1671 quieti
1028 1589 1087 1672 quid

132 1688 200 1742 tuae
223 1699 282 1742 non
304 1683 414 1741 invitus
438 1679 586 1761 indulgeo,
610 1680 662 1741 sed
686 1699 746 1741 non
768 1680 874 1761 procul
895 1689 960 1742 ate
980 1700 1047 1742 reos
1063 1697 1086 1740 m

132 1773 324 1831 inventurum
337 1787 385 1829 me
405 1787 471 1830 esse
490 1770 641 1830 denuntio.
679 1768 708 1831 2.
727 1789 796 1830 nam
814 1777 907 1830 totam
928 1770 1040 1832 silentii
1056 1786 1087 1829 ve

95 1883 119 1922 15
134 1859 274 1919 invidiam
308 1861 384 1918 verti
415 1877 475 1919 non
502 1861 646 1920 Iniurium
675 1866 721 1919 est
748 1859 784 1920 ad
813 1859 985 1938 superbiam
1012 1859 1087 1920 filion

134 1949 185 2026 qui
209 1965 241 2008 se
260 1946 344 2025 diligi
363 1949 526 2008 sentientes
546 1948 694 2026 quoddam
713 1950 866 2027 patiuntur
884 1949 921 2009 de
941 1955 1043 2009 nostra
1060 1964 1085 2007 se

132 2036 214 2098 litate
237 2036 398 2097 fastidium.
436 2055 510 2114 quos
533 2055 655 2097 monere
676 2055 731 2116 pro
750 2040 846 2116 patria
865 2040 1040 2099 auctoritate
1059 2036 1087 2096 de

132 2125 212 2206 bitis,
235 2133 269 2186 ut
292 2132 460 2186 contractae
481 2125 559 2205 apud
577 2145 632 2187 nos
651 2127 781 2187 olieusae
800 2126 1029 2187 amaritudinem
1047 2121 1087 2206 pol

134 2215 271 2277 aliatibus
295 2214 415 2275 dulcare
439 2232 499 2274 non
523 2215 666 2276 desinant.
713 2215 784 2276 vale.

622 2441 661 2506 V.

93 2575 119 2614 ro
326 2561 497 2618 SIDONIUS
517 2561 675 2618 SYAGRIO
695 2563 764 2619 SUO
784 2563 963 2622 SALUTEM.
1050 2607 1052 2613 .

134 2669 139 2682 '
201 2674 228 2737 1.
253 2675 327 2737 Cum
351 2678 392 2736 sis
416 2675 547 2737 consulis
570 2695 720 2756 pronepos
748 2677 837 2756 idque
860 2696 915 2758 per
942 2679 1060 2740 virilem
1083 2699 1087 2738 ι

133 2767 298 2825 cessionem
329 2759 523 2848 (quamquam
550 2766 582 2825 id
610 2765 646 2826 ad
674 2784 793 2827 eausam
822 2766 1029 2829 subiciendam
1051 2771 1087 2829 mi

133 2847 262 2936 attinet),
285 2872 353 2914 oum
377 2855 419 2914 sis
441 2856 534 2933 igitur
557 2873 573 2914 e
598 2857 710 2915 semine
729 2862 843 2936 poetae,
867 2857 1087 2936 ouiproould1

134 2948 245 3001 statuas
269 2942 413 3002 dederant
435 2942 565 3023 litterae,
594 2945 620 3004 si
647 2943 766 3004 trabeae
789 2962 849 3005 nou
874 2945 1028 3006 dedissent
1056 2940 1087 3029 (q

95 3052 119 3092 25
135 3031 225 3089 etiam
247 3048 326 3091 nuno
350 3034 480 3092 auctoris
499 3031 577 3092 oirlta
596 3032 732 3093 versibus
751 3034 840 3094 verba
858 3029 1033 3119 testantur),
1057 3053 1073 3095 a

134 3117 232 3179 studia
255 3128 443 3199 posterorum
466 3138 504 3180 ne
524 3140 630 3199 parum
650 3122 779 3202 quidem,
803 3125 912 3202 quippe
932 3125 964 3183 in
983 3124 1039 3184 hae
1057 3143 1087 3204 pa

134 3207 400 3289 degeneraverunt,
433 3211 561 3270 immane
593 3218 714 3271 narratu
747 3220 806 3292 est,
839 3220 982 3290 quantum
1016 3219 1087 3293 stup

205 3405 222 3451 4
241 3394 373 3463 antiquas
394 3397 560 3467 Guetafesou
576 3405 580 3457 Ι
596 3399 638 3453 ita
658 3400 716 3453 aeri
737 3401 850 3468 Geisler,
873 3400 916 3455 ita
939 3417 1004 3456 aere
1023 3401 1075 3472 (ool

131 3468 219 3536 redd,
240 3466 272 3521 in
291 3483 357 3524 uere
375 3468 554 3540 Inoetp‘obouu
575 3473 588 3541 ll
608 3476 624 3524 6
643 3470 740 3526 valeas
759 3471 782 3526 0
803 3476 816 3540 ll
837 3478 869 3524 17
889 3471 1032 3528 debebitis
1050 3473 1087 3528 Ε

120 3538 235 3596 debetis
253 3540 297 3596 M
296 3541 323 3599 0
330 3544 344 3615 ll
