2414 3864
485 153 699 211 PRAEFATIO.
1033 155 1100 211 XIII

83 305 280 383 archetypum
316 304 456 385 confecit,
493 307 643 383 corrigere
680 304 781 385 vellet,
817 307 945 384 primum
979 307 1099 366 omissis

83 393 237 473 prioribus
269 393 369 453 verbis
405 395 538 472 ineptum
576 392 648 453 illud
681 398 891 472 persuasionis
923 396 1100 472 excogitavit

86 477 236 564 (ceterum
259 482 316 542 hoc
339 499 448 542 nomen
471 482 549 561 apud
568 481 724 542 Sidonium
742 500 888 562 nusquam
906 482 977 543 alibi
995 477 1100 566 extat),

82 579 147 630 tum
172 589 209 631 ex
232 568 293 647 §5
321 574 401 631 iram
428 575 498 646 repr·
521 569 635 646 feroci,
663 575 788 649 placido
815 575 1032 633 vaecordiam
1054 576 1099 632 iu·

83 659 210 735 ferrent
231 659 288 719 hoo
311 658 434 719 verbum
458 659 625 720 inculcavit.
662 660 745 732 Quod
770 662 796 720 si
819 662 858 720 ita
877 667 983 720 est-
1002 677 1099 739 neque

89 750 191 826 negari
212 750 322 826 poterit
340 748 410 808 huic
428 750 648 808 ratiocinationi
666 748 777 829 aliquid
796 747 1015 828 probabilitatis
1029 748 1098 808 sub-

88 855 155 896 esse
176 837 341 897 —videor
363 837 437 896 mihi
460 836 524 897 loco
548 839 596 917 ita,
619 845 652 898 ut
670 838 737 918 leci,
760 838 839 898 edito
859 856 946 916 quam
965 839 1099 917 proxime

86 925 124 985 ad
148 927 305 1006 reritatem
328 927 498 986 accessisse.
523 960 565 968 —
588 925 629 986 lb.
649 923 669 987 9
694 935 724 988 et
747 931 778 988 iu
801 932 992 1002 tractatorio,
1020 926 1099 1006 quod

83 1015 143 1074 iam
158 1013 382 1074 Gustalssonius
401 1017 568 1094 suspicatus
588 1023 659 1096 erat,
678 1017 837 1094 genuinam
855 1014 1013 1076 lectionem
1030 1033 1096 1076 esse

85 1109 116 1162 et
137 1103 275 1163 codicum
299 1105 447 1182 scriptura
470 1112 500 1164 et
524 1103 716 1164 similitudine
740 1103 873 1165 locorum
895 1103 1097 1165 Plinianorum

85 1193 117 1251 in
142 1191 331 1252 adnotatione
355 1194 457 1253 critica
480 1192 635 1254 allatorum
659 1192 875 1273 comprobatur.
920 1192 962 1254 De
985 1192 1098 1254 voculis

84 1289 115 1341 et
137 1287 168 1340 et
191 1284 215 1341 it
237 1283 316 1341 inter
339 1299 371 1341 se
394 1284 569 1359 permutatis
595 1282 631 1342 cf.
655 1284 744 1342 etiam
767 1300 812 1361 ep.
831 1281 866 1362 ΙΙ,
885 1279 915 1362 9,
934 1279 963 1342 9.
988 1317 1030 1326 -
1053 1281 1095 1342 lb.

87 1369 224 1430 codicum
247 1368 301 1429 LN
324 1371 447 1448 vestigia
472 1378 592 1431 secutus
612 1370 839 1447 praefectorius
862 1373 989 1452 restitui,
1019 1370 1098 1450 quod

89 1475 158 1518 cum
187 1457 317 1519 librariis
345 1465 467 1537 propter
495 1459 673 1520 antecedens
700 1458 773 1520 illud
798 1458 1015 1537 praefectoriis
1039 1460 1098 1520 dis·

90 1546 216 1625 plicaret
240 1554 269 1607 et
292 1545 449 1608 obscurius
468 1567 534 1631 esse
553 1548 712 1629 videretur,
735 1546 868 1608 Ferreoli
886 1566 995 1609 nomen
1014 1567 1099 1628 repe-

87 1637 227 1696 tiverunt.
248 1669 289 1678 -
313 1636 354 1696 lb.
377 1635 417 1697 10
440 1641 529 1698 ualde
551 1641 691 1713 nequiter
713 1644 867 1699 constaret
890 1645 971 1698 recte
995 1657 1027 1698 se
1047 1639 1098 1699 ha·

87 1723 159 1784 bere
184 1742 304 1805 cense03
332 1729 473 1801 aequiter
499 1726 579 1786 idem
602 1733 648 1786 est
675 1726 753 1805 quod
781 1730 929 1788 malitiose
955 1726 1002 1787 vel
1026 1747 1098 1804 per·

86 1816 205 1888 fidiose,
229 1821 385 1875 constaret
411 1822 510 1875 autem
537 1815 649 1876 dictum
676 1833 742 1876 esse
765 1822 837 1894 puto
865 1833 919 1893 pro
946 1818 1006 1877 sibi
1027 1834 1098 1877 cou-

87 1910 186 1963 staret
214 1904 233 1962 i.
262 1920 287 1962 e.
316 1906 439 1986 iterum,
456 1903 645 1980 affirmaren-
677 1904 713 1964 de
743 1906 931 1965 coniunctivo
958 1924 984 1965 r.
1009 1923 1054 1984 ep.
1076 1904 1099 1984 Ι,

90 1987 200 2070 11,16
224 1993 294 2052 dixi
311 2039 317 2052 .
333 2038 340 2051 .
356 2038 363 2052 .
378 2039 385 2052 .
403 1996 505 2054 sciret.
542 1991 639 2053 Locus
663 1995 753 2072 igitur
772 1992 947 2053 Germanice
971 1996 1011 2054 ita
1035 1993 1098 2053 lere

88 2079 174 2139 reddi
197 2087 308 2158 potest:
332 2075 392 2141 ‘die
413 2080 582 2142 Gesandten
605 2089 809 2163 antn'orteten,
832 2081 992 2161 allerdings
1015 2082 1099 2142 recht

87 2166 215 2249 boshalt,
247 2187 281 2228 er
313 2168 385 2230 solle
417 2168 595 2251 bestitigem
627 2172 695 2232 dass
724 2190 761 2231 er
791 2170 905 2232 selbst
933 2171 990 2232 den
1017 2169 1108 2254 Briel¹

87 2256 210 2317 dilrtiert
237 2254 333 2318 habe?
381 2257 422 2319 Gi.
446 2262 536 2320 etiam
564 2278 638 2339 quae
667 2259 891 2340 subsequuntur
921 2262 966 2321 bis
993 2269 1099 2334 terqua

87 2349 218 2421 repetita
241 2347 438 2423 consessione.
462 2382 504 2390 -
527 2348 569 2409 lb.
592 2347 632 2410 12
655 2349 690 2409 ad
714 2354 863 2426 serpentis
886 2350 1041 2425 Epidauri
1062 2347 1097 2408 ol.

88 2433 156 2494 Sen.
175 2432 298 2496 Phaedr.
320 2434 403 2499 1031
433 2440 523 2499 limen
550 2439 705 2515 Epidauri
733 2440 791 2500 dei.
816 2471 858 2481 -
882 2436 907 2517 1,
927 2434 999 2518 8,1
1029 2435 1098 2497 sub-

87 2525 249 2584 stantivum
271 2526 383 2587 bibitor
406 2533 436 2586 et
456 2544 557 2586 rarum
575 2527 752 2587 adiectivum
770 2530 923 2588 Araricus
941 2545 958 2586 a
976 2525 1097 2586 librario

88 2614 252 2689 excogitata
275 2631 342 2674 esse
365 2632 434 2674 cum
456 2615 530 2675 mihi
549 2616 730 2694 persuadere
749 2634 809 2676 non
827 2633 955 2695 possem,
978 2617 1097 2675 retinui.

87 2733 130 2742 -
153 2700 194 2761 lb.
219 2708 287 2780 post
310 2705 437 2765 nebulas
460 2703 602 2765 contraC
626 2709 705 2766 euim
724 2704 855 2765 scribere
874 2721 934 2763 non
953 2703 1097 2784 dubitari3

87 2807 156 2849 nam
181 2790 313 2850 eiusdem
338 2794 556 2854 coniunctionis
579 2795 756 2873 repetitione
780 2793 919 2854 librarius
942 2792 1028 2854 lacile
1048 2793 1097 2854 ad·

86 2877 155 2938 duci
184 2881 293 2961 potuit,
325 2886 359 2941 ut
392 2899 457 2941 eam
484 2881 576 2942 altero
605 2881 670 2943 loco
702 2882 758 2943 alia
790 2901 861 2943 voce
893 2889 1030 2942 mutaret.
1055 2917 1096 2924 -—

85 2965 168 3028 lb?
196 2986 256 3028 non
283 2976 330 3029 est
357 2988 411 3030 our
438 2973 615 3033 iudicavisti
641 2971 822 3050 repudietur.
867 2970 908 3031 De
938 2975 1099 3032 iudicandi

85 3055 177 3142 serbo
201 3056 338 3118 similiter
361 3067 503 3138 usurpato
523 3059 558 3120 cl.
578 3078 623 3139 ep.
642 3059 688 3141 vl,
706 3057 737 3141 9,
758 3060 785 3123 1.
805 3094 847 3103 -
866 3060 887 3139 l,
906 3057 926 3121 9
951 3062 1040 3121 inscr.
1061 3060 1096 3120 de

86 3145 223 3207 Herenio
246 3164 272 3205 r.
292 3165 337 3225 ep.
356 3145 418 3228 1‚5
440 3150 529 3209 inscr.
550 3182 592 3190 —
615 3148 656 3209 lb.
676 3150 696 3210 5
720 3149 755 3209 ad
774 3157 933 3211 reseruata
952 3150 989 3209 ci.
1009 3152 1097 3209 etiam

85 3232 190 3294 Alcim.
208 3233 282 3295 avit.
302 3254 329 3314 p.
349 3233 440 3317 92,2
464 3241 496 3299 iu
519 3241 628 3312 quibus
650 3256 722 3299 uere
741 3242 823 3314 plus,
851 3256 942 3313 quara
962 3256 1097 3316 persona

84 3327 206 3403 meruit,
221 3328 391 3399 patientiae
409 3330 588 3388 reservastis
593 3348 605 3399 ;
623 3326 712 3386 Hilar.
727 3333 763 3387 tr.
779 3345 801 3387 s.
816 3326 918 3407 psalm.
935 3346 963 3406 p.
979 3323 1053 3407 619,
1063 3322 1097 3407 8,

85 3408 161 3494 803,
182 3410 237 3492 12;
261 3409 409 3493 843,18.
455 3414 529 3474 ltem
551 3419 718 3492 reputandi
739 3423 769 3476 et
791 3419 987 3478 retractandi
1007 3414 1103 3475 rerba

86 3518 146 3561 non
166 3519 233 3561 raro
253 3501 428 3579 simplicium
445 3503 544 3565 locum
565 3512 669 3570 tenere
689 3513 797 3573 uotum
817 3515 882 3594 esu,
900 3504 1126 3571 cilloeiibm.
