<?xml version="1.0" encoding="UTF-8"?>
<!DOCTYPE html PUBLIC "-//W3C//DTD XHTML 1.0 Transitional//EN"
    "http://www.w3.org/TR/xhtml1/DTD/xhtml1-transitional.dtd">
<html xmlns="http://www.w3.org/1999/xhtml" xml:lang="en" lang="en">
 <head>
  <title>
</title>
<meta http-equiv="Content-Type" content="text/html;charset=utf-8" />
  <meta name='ocr-system' content='tesseract 3.04.00' />
  <meta name='ocr-capabilities' content='ocr_page ocr_carea ocr_par ocr_line ocrx_word'/>
</head>
<body>
  <div class='ocr_page' id='page_1' title='image "./csolliusapollin00apolgoog_0168.png"; bbox 0 0 2414 3864; ppageno 0'>
   <div class='ocr_carea' id='block_1_1' title="bbox 241 138 1090 207">
    <p class='ocr_par' dir='ltr' id='par_1_1' title="bbox 241 138 1090 207">
     <span class='ocr_line' id='line_1_1' title="bbox 241 138 1090 207; baseline 0.016 -13"><span class='ocrx_word' id='word_1_1' title='bbox 241 138 409 195; x_wconf 83' lang='lat' dir='ltr'>SIDONIUS</span> <span class='ocrx_word' id='word_1_2' title='bbox 427 139 637 195; x_wconf 82' lang='lat' dir='ltr'><strong><em>POTENTINO</em></strong></span> <span class='ocrx_word' id='word_1_3' title='bbox 657 139 727 196; x_wconf 83' lang='lat' dir='ltr'>SUO</span> <span class='ocrx_word' id='word_1_4' title='bbox 747 139 925 197; x_wconf 81' lang='lat' dir='ltr'>SALUTEM.</span> <span class='ocrx_word' id='word_1_5' title='bbox 1026 142 1090 207; x_wconf 85' lang='lat'>115</span> 
     </span>
    </p>
   </div>
   <div class='ocr_carea' id='block_1_2' title="bbox 60 277 1130 903">
    <p class='ocr_par' dir='ltr' id='par_1_2' title="bbox 60 277 1130 903">
     <span class='ocr_line' id='line_1_2' title="bbox 64 277 1091 370; baseline 0.003 -21"><span class='ocrx_word' id='word_1_6' title='bbox 64 277 149 370; x_wconf 83' lang='lat' dir='ltr'>hoc,</span> <span class='ocrx_word' id='word_1_7' title='bbox 168 297 198 351; x_wconf 89' lang='lat' dir='ltr'>ut</span> <span class='ocrx_word' id='word_1_8' title='bbox 221 289 325 351; x_wconf 89' lang='lat' dir='ltr'>sileam</span> <span class='ocrx_word' id='word_1_9' title='bbox 348 289 385 350; x_wconf 93' lang='lat' dir='ltr'>de</span> <span class='ocrx_word' id='word_1_10' title='bbox 409 308 517 368; x_wconf 82' lang='lat' dir='ltr'>genere</span> <span class='ocrx_word' id='word_1_11' title='bbox 541 289 587 350; x_wconf 90' lang='lat' dir='ltr'>vel</span> <span class='ocrx_word' id='word_1_12' title='bbox 611 307 711 370; x_wconf 92' lang='lat' dir='ltr'>censu,</span> <span class='ocrx_word' id='word_1_13' title='bbox 735 297 814 350; x_wconf 87' lang='lat' dir='ltr'>aetas</span> <span class='ocrx_word' id='word_1_14' title='bbox 836 298 976 351; x_wconf 87' lang='lat' dir='ltr'>venustas</span> <span class='ocrx_word' id='word_1_15' title='bbox 994 293 1091 370; x_wconf 91' lang='lat' dir='ltr'>pudor</span> 
     </span>
     <span class='ocr_line' id='line_1_3' title="bbox 63 378 1090 460; baseline 0.003 -22"><span class='ocrx_word' id='word_1_16' title='bbox 63 382 342 445; x_wconf 75' lang='lat' dir='ltr'>patrocinarentur.</span> <span class='ocrx_word' id='word_1_17' title='bbox 389 379 442 439; x_wconf 89' lang='lat' dir='ltr'>sed</span> <span class='ocrx_word' id='word_1_18' title='bbox 464 387 498 440; x_wconf 89' lang='lat' dir='ltr'>ut</span> <span class='ocrx_word' id='word_1_19' title='bbox 525 381 671 460; x_wconf 89' lang='lat' dir='ltr'>comperi,</span> <span class='ocrx_word' id='word_1_20' title='bbox 698 378 892 440; x_wconf 89' lang='lat' dir='ltr'>crubescebat</span> <span class='ocrx_word' id='word_1_21' title='bbox 918 382 977 440; x_wconf 90' lang='lat' dir='ltr'>iam</span> <span class='ocrx_word' id='word_1_22' title='bbox 1001 383 1090 441; x_wconf 90' lang='lat' dir='ltr'>etiam</span> 
     </span>
     <span class='ocr_line' id='line_1_4' title="bbox 62 462 1089 548; baseline 0.003 -21"><span class='ocrx_word' id='word_1_23' title='bbox 62 462 152 528; x_wconf 77' lang='lat' dir='ltr'>tunc</span> <span class='ocrx_word' id='word_1_24' title='bbox 171 470 215 528; x_wconf 84' lang='lat' dir='ltr'>vir</span> <span class='ocrx_word' id='word_1_25' title='bbox 239 471 337 528; x_wconf 90' lang='lat' dir='ltr'>serius</span> <span class='ocrx_word' id='word_1_26' title='bbox 361 474 391 528; x_wconf 90' lang='lat' dir='ltr'>et</span> <span class='ocrx_word' id='word_1_27' title='bbox 413 468 524 528; x_wconf 87' lang='lat' dir='ltr'>formae</span> <span class='ocrx_word' id='word_1_28' title='bbox 548 468 617 529; x_wconf 89' lang='lat' dir='ltr'>dote</span> <span class='ocrx_word' id='word_1_29' title='bbox 639 467 795 548; x_wconf 82' lang='lat' dir='ltr'>placuisse,</span> <span class='ocrx_word' id='word_1_30' title='bbox 823 471 932 547; x_wconf 92' lang='lat' dir='ltr'>quippe</span> <span class='ocrx_word' id='word_1_31' title='bbox 957 471 1006 530; x_wconf 91' lang='lat' dir='ltr'>cui</span> <span class='ocrx_word' id='word_1_32' title='bbox 1028 488 1089 530; x_wconf 94' lang='lat' dir='ltr'>me-</span> 
     </span>
     <span class='ocr_line' id='line_1_5' title="bbox 61 549 1090 637; baseline 0.007 -25"><span class='ocrx_word' id='word_1_33' title='bbox 61 549 139 616; x_wconf 82' lang='lat' dir='ltr'>rito</span> <span class='ocrx_word' id='word_1_34' title='bbox 158 559 271 634; x_wconf 89' lang='lat' dir='ltr'>ingenii</span> <span class='ocrx_word' id='word_1_35' title='bbox 294 557 462 617; x_wconf 86' lang='lat' dir='ltr'>suffecisset</span> <span class='ocrx_word' id='word_1_36' title='bbox 485 557 622 617; x_wconf 92' lang='lat' dir='ltr'>adamari.</span> <span class='ocrx_word' id='word_1_37' title='bbox 665 564 694 617; x_wconf 89' lang='lat' dir='ltr'>et</span> <span class='ocrx_word' id='word_1_38' title='bbox 716 575 785 617; x_wconf 89' lang='lat' dir='ltr'>vere</span> <span class='ocrx_word' id='word_1_39' title='bbox 810 560 939 636; x_wconf 91' lang='lat' dir='ltr'>optimus</span> <span class='ocrx_word' id='word_1_40' title='bbox 963 561 1090 637; x_wconf 90' lang='lat' dir='ltr'>quisque</span> 
     </span>
     <span class='ocr_line' id='line_1_6' title="bbox 61 645 1130 726; baseline 0.004 -24"><span class='ocrx_word' id='word_1_41' title='bbox 61 651 192 706; x_wconf 81' lang='lat' dir='ltr'>momm</span> <span class='ocrx_word' id='word_1_42' title='bbox 228 647 429 725; x_wconf 79' lang='lat' dir='ltr'>praestantius</span> <span class='ocrx_word' id='word_1_43' title='bbox 465 645 687 725; x_wconf 85' lang='lat' dir='ltr'>pulchritudine</span> <span class='ocrx_word' id='word_1_44' title='bbox 723 645 832 726; x_wconf 74' lang='lat' dir='ltr'>placet,</span> <span class='ocrx_word' id='word_1_45' title='bbox 868 665 958 726; x_wconf 93' lang='lat' dir='ltr'>porro</span> <span class='ocrx_word' id='word_1_46' title='bbox 991 656 1090 708; x_wconf 92' lang='lat' dir='ltr'>autem</span> <span class='ocrx_word' id='word_1_47' title='bbox 1117 667 1130 706; x_wconf 81' lang='lat' dir='ltr'>e</span> 
     </span>
     <span class='ocr_line' id='line_1_7' title="bbox 60 733 1089 816; baseline 0.002 -22"><span class='ocrx_word' id='word_1_48' title='bbox 60 733 320 801; x_wconf 71' lang='lat' dir='ltr'>praetervolantia</span> <span class='ocrx_word' id='word_1_49' title='bbox 353 737 487 814; x_wconf 92' lang='lat' dir='ltr'>corporis</span> <span class='ocrx_word' id='word_1_50' title='bbox 520 735 728 795; x_wconf 89' lang='lat' dir='ltr'>decoramenta</span> <span class='ocrx_word' id='word_1_51' title='bbox 756 738 902 796; x_wconf 90' lang='lat' dir='ltr'>currentis</span> <span class='ocrx_word' id='word_1_52' title='bbox 930 739 995 796; x_wconf 88' lang='lat' dir='ltr'>aevi</span> <span class='ocrx_word' id='word_1_53' title='bbox 1021 755 1089 816; x_wconf 92' lang='lat' dir='ltr'>pro-</span> 
     </span>
     <span class='ocr_line' id='line_1_8' title="bbox 61 810 1090 903; baseline 0.003 -21"><span class='ocrx_word' id='word_1_54' title='bbox 61 810 155 884; x_wconf 77' lang='lat' dir='ltr'>fectu</span> <span class='ocrx_word' id='word_1_55' title='bbox 184 823 361 903; x_wconf 87' lang='lat' dir='ltr'>defectuque</span> <span class='ocrx_word' id='word_1_56' title='bbox 390 823 553 885; x_wconf 81' lang='lat' dir='ltr'>labascunt.</span> <span class='ocrx_word' id='word_1_57' title='bbox 603 824 682 884; x_wconf 92' lang='lat' dir='ltr'>hunc</span> <span class='ocrx_word' id='word_1_58' title='bbox 712 842 828 902; x_wconf 93' lang='lat' dir='ltr'>quoque</span> <span class='ocrx_word' id='word_1_59' title='bbox 856 832 994 885; x_wconf 87' lang='lat' dir='ltr'>manente</span> <span class='ocrx_word' id='word_1_60' title='bbox 1023 843 1090 886; x_wconf 91' lang='lat' dir='ltr'>sen·</span> 
     </span>
    </p>
   </div>
   <div class='ocr_carea' id='block_1_3' title="bbox 10 906 1130 2573">
    <p class='ocr_par' dir='ltr' id='par_1_3' title="bbox 58 906 1130 2416">
     <span class='ocr_line' id='line_1_9' title="bbox 61 906 1089 992; baseline 0.002 -20"><span class='ocrx_word' id='word_1_61' title='bbox 61 906 168 974; x_wconf 79' lang='lat' dir='ltr'>tentia</span> <span class='ocrx_word' id='word_1_62' title='bbox 190 911 293 973; x_wconf 90' lang='lat' dir='ltr'>Galliis</span> <span class='ocrx_word' id='word_1_63' title='bbox 320 920 389 992; x_wconf 90' lang='lat' dir='ltr'>post</span> <span class='ocrx_word' id='word_1_64' title='bbox 415 914 583 992; x_wconf 88' lang='lat' dir='ltr'>praelectus</span> <span class='ocrx_word' id='word_1_65' title='bbox 610 912 732 973; x_wconf 83' lang='lat' dir='ltr'>Priscus</span> <span class='ocrx_word' id='word_1_66' title='bbox 755 912 927 973; x_wconf 89' lang='lat' dir='ltr'>Valerianus</span> <span class='ocrx_word' id='word_1_67' title='bbox 955 913 1089 974; x_wconf 92' lang='lat' dir='ltr'>consiliis</span> 
     </span>
     <span class='ocr_line' id='line_1_10' title="bbox 61 1001 1088 1082; baseline 0.005 -23"><span class='ocrx_word' id='word_1_68' title='bbox 61 1002 138 1062; x_wconf 87' lang='lat' dir='ltr'>suis</span> <span class='ocrx_word' id='word_1_69' title='bbox 169 1001 429 1081; x_wconf 86' lang='lat' dir='ltr'>tribunalibusque</span> <span class='ocrx_word' id='word_1_70' title='bbox 461 1005 597 1082; x_wconf 87' lang='lat' dir='ltr'>sociarit,</span> <span class='ocrx_word' id='word_1_71' title='bbox 629 1001 773 1062; x_wconf 90' lang='lat' dir='ltr'>iudicium</span> <span class='ocrx_word' id='word_1_72' title='bbox 806 1004 960 1080; x_wconf 91' lang='lat' dir='ltr'>antiquum</span> <span class='ocrx_word' id='word_1_73' title='bbox 987 1021 1088 1082; x_wconf 91' lang='lat' dir='ltr'>perse·</span> 
     </span>
     <span class='ocr_line' id='line_1_11' title="bbox 60 1090 1130 1172; baseline 0.005 -24"><span class='ocrx_word' id='word_1_74' title='bbox 60 1092 281 1151; x_wconf 79' lang='lat' dir='ltr'>Verantissime</span> <span class='ocrx_word' id='word_1_75' title='bbox 313 1097 432 1172; x_wconf 89' lang='lat' dir='ltr'>tenens,</span> <span class='ocrx_word' id='word_1_76' title='bbox 464 1101 510 1172; x_wconf 87' lang='lat' dir='ltr'>ut,</span> <span class='ocrx_word' id='word_1_77' title='bbox 543 1093 591 1151; x_wconf 90' lang='lat' dir='ltr'>cui</span> <span class='ocrx_word' id='word_1_78' title='bbox 624 1092 765 1151; x_wconf 85' lang='lat' dir='ltr'>scientiae</span> <span class='ocrx_word' id='word_1_79' title='bbox 799 1090 920 1152; x_wconf 90' lang='lat' dir='ltr'>obtentu</span> <span class='ocrx_word' id='word_1_80' title='bbox 953 1093 1090 1152; x_wconf 82' lang='lat' dir='ltr'>iunxerat</span> <span class='ocrx_word' id='word_1_81' title='bbox 1104 1113 1130 1153; x_wconf 78' lang='grc' dir='ltr'>ιο</span> 
     </span>
     <span class='ocr_line' id='line_1_12' title="bbox 61 1176 1090 1261; baseline 0.001 -22"><span class='ocrx_word' id='word_1_82' title='bbox 61 1177 218 1261; x_wconf 84' lang='lat' dir='ltr'>Subolem,</span> <span class='ocrx_word' id='word_1_83' title='bbox 247 1181 385 1258; x_wconf 86' lang='lat' dir='ltr'>iungeret</span> <span class='ocrx_word' id='word_1_84' title='bbox 408 1186 438 1240; x_wconf 90' lang='lat' dir='ltr'>et</span> <span class='ocrx_word' id='word_1_85' title='bbox 461 1180 643 1259; x_wconf 90' lang='lat' dir='ltr'>dignitatem.</span> <span class='ocrx_word' id='word_1_86' title='bbox 690 1176 719 1240; x_wconf 89' lang='lat'>3.</span> <span class='ocrx_word' id='word_1_87' title='bbox 743 1186 793 1239; x_wconf 93' lang='lat' dir='ltr'>tua</span> <span class='ocrx_word' id='word_1_88' title='bbox 821 1198 890 1239; x_wconf 92' lang='lat' dir='ltr'>vero</span> <span class='ocrx_word' id='word_1_89' title='bbox 918 1188 979 1241; x_wconf 93' lang='lat' dir='ltr'>tam</span> <span class='ocrx_word' id='word_1_90' title='bbox 1002 1180 1090 1261; x_wconf 90' lang='lat' dir='ltr'>clara,</span> 
     </span>
     <span class='ocr_line' id='line_1_13' title="bbox 60 1265 1089 1348; baseline 0.001 -20"><span class='ocrx_word' id='word_1_91' title='bbox 60 1265 134 1328; x_wconf 69' lang='lat' dir='ltr'>tam</span> <span class='ocrx_word' id='word_1_92' title='bbox 157 1267 330 1348; x_wconf 91' lang='lat' dir='ltr'>spectabilis</span> <span class='ocrx_word' id='word_1_93' title='bbox 353 1267 443 1329; x_wconf 90' lang='lat' dir='ltr'>dictio</span> <span class='ocrx_word' id='word_1_94' title='bbox 468 1275 526 1344; x_wconf 86' lang='lat' dir='ltr'>est,</span> <span class='ocrx_word' id='word_1_95' title='bbox 553 1276 587 1329; x_wconf 92' lang='lat' dir='ltr'>ut</span> <span class='ocrx_word' id='word_1_96' title='bbox 614 1268 658 1329; x_wconf 91' lang='lat' dir='ltr'>illi</span> <span class='ocrx_word' id='word_1_97' title='bbox 686 1269 792 1328; x_wconf 86' lang='lat' dir='ltr'>divisio</span> <span class='ocrx_word' id='word_1_98' title='bbox 815 1266 1000 1328; x_wconf 89' lang='lat' dir='ltr'>Palaemonis</span> <span class='ocrx_word' id='word_1_99' title='bbox 1024 1288 1089 1347; x_wconf 90' lang='lat' dir='ltr'>gra·</span> 
     </span>
     <span class='ocr_line' id='line_1_14' title="bbox 60 1353 1090 1438; baseline 0.007 -27"><span class='ocrx_word' id='word_1_100' title='bbox 60 1353 147 1417; x_wconf 88' lang='lat' dir='ltr'>vitas</span> <span class='ocrx_word' id='word_1_101' title='bbox 176 1356 332 1438; x_wconf 85' lang='lat' dir='ltr'>Gallionis,</span> <span class='ocrx_word' id='word_1_102' title='bbox 365 1356 544 1418; x_wconf 88' lang='lat' dir='ltr'>abundantia</span> <span class='ocrx_word' id='word_1_103' title='bbox 574 1357 724 1436; x_wconf 87' lang='lat' dir='ltr'>Delphidii</span> <span class='ocrx_word' id='word_1_104' title='bbox 755 1357 893 1436; x_wconf 79' lang='lat' dir='ltr'>Agroecii</span> <span class='ocrx_word' id='word_1_105' title='bbox 925 1357 1090 1438; x_wconf 88' lang='lat' dir='ltr'>disciplina,</span> 
     </span>
     <span class='ocr_line' id='line_1_15' title="bbox 59 1435 1088 1528; baseline 0.001 -22"><span class='ocrx_word' id='word_1_106' title='bbox 59 1435 216 1507; x_wconf 78' lang='lat' dir='ltr'>fortitudo</span> <span class='ocrx_word' id='word_1_107' title='bbox 239 1445 346 1506; x_wconf 73' lang='lat' dir='ltr'>Alcimi</span> <span class='ocrx_word' id='word_1_108' title='bbox 369 1445 506 1524; x_wconf 84' lang='lat' dir='ltr'>Adelphii</span> <span class='ocrx_word' id='word_1_109' title='bbox 528 1446 711 1528; x_wconf 88' lang='lat' dir='ltr'>teneritudo,</span> <span class='ocrx_word' id='word_1_110' title='bbox 739 1449 820 1525; x_wconf 92' lang='lat' dir='ltr'>rigor</span> <span class='ocrx_word' id='word_1_111' title='bbox 843 1445 940 1525; x_wconf 85' lang='lat' dir='ltr'>Magni</span> <span class='ocrx_word' id='word_1_112' title='bbox 964 1445 1088 1507; x_wconf 89' lang='lat' dir='ltr'>dulcedo</span> 
     </span>
     <span class='ocr_line' id='line_1_16' title="bbox 58 1523 1130 1614; baseline 0.004 -22"><span class='ocrx_word' id='word_1_113' title='bbox 58 1523 197 1595; x_wconf 88' lang='lat' dir='ltr'>Victorii</span> <span class='ocrx_word' id='word_1_114' title='bbox 226 1553 287 1595; x_wconf 91' lang='lat' dir='ltr'>non</span> <span class='ocrx_word' id='word_1_115' title='bbox 316 1535 404 1595; x_wconf 92' lang='lat' dir='ltr'>modo</span> <span class='ocrx_word' id='word_1_116' title='bbox 431 1553 492 1595; x_wconf 90' lang='lat' dir='ltr'>non</span> <span class='ocrx_word' id='word_1_117' title='bbox 522 1537 675 1614; x_wconf 90' lang='lat' dir='ltr'>superiora</span> <span class='ocrx_word' id='word_1_118' title='bbox 704 1535 756 1595; x_wconf 92' lang='lat' dir='ltr'>sed</span> <span class='ocrx_word' id='word_1_119' title='bbox 783 1537 832 1594; x_wconf 86' lang='lat' dir='ltr'>rix</span> <span class='ocrx_word' id='word_1_120' title='bbox 860 1535 1089 1614; x_wconf 89' lang='lat' dir='ltr'>aequiperabilia</span> <span class='ocrx_word' id='word_1_121' title='bbox 1104 1555 1130 1597; x_wconf 86' lang='lat'>15</span> 
     </span>
     <span class='ocr_line' id='line_1_17' title="bbox 59 1622 1088 1702; baseline 0.005 -23"><span class='ocrx_word' id='word_1_122' title='bbox 59 1622 215 1684; x_wconf 84' lang='lat' dir='ltr'>scribant.</span> <span class='ocrx_word' id='word_1_123' title='bbox 262 1641 332 1684; x_wconf 91' lang='lat' dir='ltr'>sane</span> <span class='ocrx_word' id='word_1_124' title='bbox 355 1641 393 1683; x_wconf 94' lang='lat' dir='ltr'>ne</span> <span class='ocrx_word' id='word_1_125' title='bbox 421 1624 522 1683; x_wconf 91' lang='lat' dir='ltr'>videar</span> <span class='ocrx_word' id='word_1_126' title='bbox 549 1623 605 1684; x_wconf 90' lang='lat' dir='ltr'>tibi</span> <span class='ocrx_word' id='word_1_127' title='bbox 629 1623 684 1683; x_wconf 92' lang='lat' dir='ltr'>sub</span> <span class='ocrx_word' id='word_1_128' title='bbox 706 1623 763 1684; x_wconf 93' lang='lat' dir='ltr'>hoc</span> <span class='ocrx_word' id='word_1_129' title='bbox 791 1626 876 1702; x_wconf 91' lang='lat' dir='ltr'>quasi</span> <span class='ocrx_word' id='word_1_130' title='bbox 898 1623 1088 1702; x_wconf 82' lang='lat' dir='ltr'>hyperbolico</span> 
     </span>
     <span class='ocr_line' id='line_1_18' title="bbox 58 1705 1090 1793; baseline 0.004 -24"><span class='ocrx_word' id='word_1_131' title='bbox 58 1705 228 1774; x_wconf 80' lang='lat' dir='ltr'>rhetorum</span> <span class='ocrx_word' id='word_1_132' title='bbox 242 1711 372 1791; x_wconf 87' lang='lat' dir='ltr'>catalogo</span> <span class='ocrx_word' id='word_1_133' title='bbox 387 1711 538 1773; x_wconf 90' lang='lat' dir='ltr'>blanditus</span> <span class='ocrx_word' id='word_1_134' title='bbox 559 1714 708 1791; x_wconf 87' lang='lat' dir='ltr'>quippiam</span> <span class='ocrx_word' id='word_1_135' title='bbox 728 1714 977 1793; x_wconf 86' lang='lat' dir='ltr'>gratificatusque,</span> <span class='ocrx_word' id='word_1_136' title='bbox 997 1713 1090 1774; x_wconf 87' lang='lat' dir='ltr'>solam</span> 
     </span>
     <span class='ocr_line' id='line_1_19' title="bbox 58 1795 1091 1882; baseline 0.004 -23"><span class='ocrx_word' id='word_1_137' title='bbox 58 1795 131 1860; x_wconf 81' lang='lat' dir='ltr'>tihi</span> <span class='ocrx_word' id='word_1_138' title='bbox 153 1803 346 1861; x_wconf 88' lang='lat' dir='ltr'>acrimoniam</span> <span class='ocrx_word' id='word_1_139' title='bbox 365 1800 539 1872; x_wconf 83' lang='lat' dir='ltr'>Quintiliani</span> <span class='ocrx_word' id='word_1_140' title='bbox 561 1820 758 1880; x_wconf 90' lang='lat' dir='ltr'>pompamque</span> <span class='ocrx_word' id='word_1_141' title='bbox 778 1800 901 1862; x_wconf 89' lang='lat' dir='ltr'>Palladii</span> <span class='ocrx_word' id='word_1_142' title='bbox 924 1804 1091 1882; x_wconf 90' lang='lat' dir='ltr'>comparari</span> 
     </span>
     <span class='ocr_line' id='line_1_20' title="bbox 59 1889 1089 1972; baseline 0.006 -27"><span class='ocrx_word' id='word_1_143' title='bbox 59 1898 135 1948; x_wconf 87' lang='lat' dir='ltr'>non</span> <span class='ocrx_word' id='word_1_144' title='bbox 158 1889 274 1969; x_wconf 90' lang='lat' dir='ltr'>ambigo</span> <span class='ocrx_word' id='word_1_145' title='bbox 298 1889 350 1951; x_wconf 90' lang='lat' dir='ltr'>sed</span> <span class='ocrx_word' id='word_1_146' title='bbox 377 1892 477 1969; x_wconf 92' lang='lat' dir='ltr'>potius</span> <span class='ocrx_word' id='word_1_147' title='bbox 501 1890 668 1969; x_wconf 90' lang='lat' dir='ltr'>adquiesco.</span> <span class='ocrx_word' id='word_1_148' title='bbox 714 1890 744 1950; x_wconf 78' lang='lat'>4.</span> <span class='ocrx_word' id='word_1_149' title='bbox 768 1897 949 1970; x_wconf 90' lang='lat' dir='ltr'>quapropter</span> <span class='ocrx_word' id='word_1_150' title='bbox 972 1894 999 1951; x_wconf 92' lang='lat' dir='ltr'>si</span> <span class='ocrx_word' id='word_1_151' title='bbox 1022 1893 1089 1972; x_wconf 93' lang='lat' dir='ltr'>quis</span> 
     </span>
     <span class='ocr_line' id='line_1_21' title="bbox 62 1978 1129 2060; baseline 0.009 -28"><span class='ocrx_word' id='word_1_152' title='bbox 62 1986 143 2046; x_wconf 88' lang='lat' dir='ltr'>post</span> <span class='ocrx_word' id='word_1_153' title='bbox 168 1998 220 2040; x_wconf 87' lang='lat' dir='ltr'>vos</span> <span class='ocrx_word' id='word_1_154' title='bbox 247 1978 348 2040; x_wconf 89' lang='lat' dir='ltr'>Latiae</span> <span class='ocrx_word' id='word_1_155' title='bbox 380 1979 458 2040; x_wconf 84' lang='lat' dir='ltr'>lavet</span> <span class='ocrx_word' id='word_1_156' title='bbox 490 1980 664 2060; x_wconf 90' lang='lat' dir='ltr'>eruditioni,</span> <span class='ocrx_word' id='word_1_157' title='bbox 697 1979 767 2039; x_wconf 90' lang='lat' dir='ltr'>huic</span> <span class='ocrx_word' id='word_1_158' title='bbox 799 1982 945 2040; x_wconf 89' lang='lat' dir='ltr'>amicitiae</span> <span class='ocrx_word' id='word_1_159' title='bbox 979 1983 1088 2059; x_wconf 92' lang='lat' dir='ltr'>gratias</span> <span class='ocrx_word' id='word_1_160' title='bbox 1103 2003 1129 2042; x_wconf 76' lang='lat' dir='ltr'>rc</span> 
     </span>
     <span class='ocr_line' id='line_1_22' title="bbox 66 2067 1088 2150; baseline 0.004 -24"><span class='ocrx_word' id='word_1_161' title='bbox 66 2068 136 2139; x_wconf 73' lang='lat' dir='ltr'>agit</span> <span class='ocrx_word' id='word_1_162' title='bbox 157 2075 186 2128; x_wconf 90' lang='lat' dir='ltr'>et</span> <span class='ocrx_word' id='word_1_163' title='bbox 209 2067 358 2129; x_wconf 88' lang='lat' dir='ltr'>sodalitati</span> <span class='ocrx_word' id='word_1_164' title='bbox 380 2076 508 2149; x_wconf 89' lang='lat' dir='ltr'>vestrae,</span> <span class='ocrx_word' id='word_1_165' title='bbox 542 2070 568 2129; x_wconf 90' lang='lat' dir='ltr'>si</span> <span class='ocrx_word' id='word_1_166' title='bbox 596 2069 667 2147; x_wconf 92' lang='lat' dir='ltr'>quid</span> <span class='ocrx_word' id='word_1_167' title='bbox 694 2068 824 2129; x_wconf 91' lang='lat' dir='ltr'>hominis</span> <span class='ocrx_word' id='word_1_168' title='bbox 847 2069 949 2150; x_wconf 89' lang='lat' dir='ltr'>habet,</span> <span class='ocrx_word' id='word_1_169' title='bbox 980 2073 1088 2130; x_wconf 90' lang='lat' dir='ltr'>tertius</span> 
     </span>
     <span class='ocr_line' id='line_1_23' title="bbox 70 2156 1088 2239; baseline 0.004 -24"><span class='ocrx_word' id='word_1_170' title='bbox 70 2163 157 2228; x_wconf 80' lang='lat' dir='ltr'>Optat</span> <span class='ocrx_word' id='word_1_171' title='bbox 176 2156 319 2217; x_wconf 90' lang='lat' dir='ltr'>adhiberi.</span> <span class='ocrx_word' id='word_1_172' title='bbox 357 2175 543 2239; x_wconf 90' lang='lat' dir='ltr'>quamquam,</span> <span class='ocrx_word' id='word_1_173' title='bbox 566 2158 645 2237; x_wconf 93' lang='lat' dir='ltr'>quod</span> <span class='ocrx_word' id='word_1_174' title='bbox 665 2164 710 2216; x_wconf 91' lang='lat' dir='ltr'>est</span> <span class='ocrx_word' id='word_1_175' title='bbox 729 2160 855 2238; x_wconf 78' lang='lat' dir='ltr'>graviuS,</span> <span class='ocrx_word' id='word_1_176' title='bbox 879 2176 939 2217; x_wconf 92' lang='lat' dir='ltr'>non</span> <span class='ocrx_word' id='word_1_177' title='bbox 959 2161 998 2219; x_wconf 92' lang='lat' dir='ltr'>sit</span> <span class='ocrx_word' id='word_1_178' title='bbox 1016 2161 1088 2219; x_wconf 89' lang='lat' dir='ltr'>satis</span> 
     </span>
     <span class='ocr_line' id='line_1_24' title="bbox 74 2243 1088 2327; baseline 0.006 -26"><span class='ocrx_word' id='word_1_179' title='bbox 74 2243 202 2306; x_wconf 79' lang='lat' dir='ltr'>ambitus</span> <span class='ocrx_word' id='word_1_180' title='bbox 221 2247 279 2306; x_wconf 90' lang='lat' dir='ltr'>iste</span> <span class='ocrx_word' id='word_1_181' title='bbox 303 2245 454 2306; x_wconf 87' lang='lat' dir='ltr'>fastidium</span> <span class='ocrx_word' id='word_1_182' title='bbox 476 2245 561 2306; x_wconf 89' lang='lat' dir='ltr'>vobis</span> <span class='ocrx_word' id='word_1_183' title='bbox 580 2248 771 2327; x_wconf 78' lang='lat' dir='ltr'>excitaturuS,</span> <span class='ocrx_word' id='word_1_184' title='bbox 795 2249 863 2324; x_wconf 92' lang='lat' dir='ltr'>quia</span> <span class='ocrx_word' id='word_1_185' title='bbox 881 2249 970 2326; x_wconf 88' lang='lat' dir='ltr'>pauci</span> <span class='ocrx_word' id='word_1_186' title='bbox 991 2248 1088 2307; x_wconf 87' lang='lat' dir='ltr'>studia</span> 
     </span>
     <span class='ocr_line' id='line_1_25' title="bbox 78 2334 1087 2416; baseline 0.003 -24"><span class='ocrx_word' id='word_1_187' title='bbox 78 2341 155 2393; x_wconf 78' lang='lat' dir='ltr'>nuuc</span> <span class='ocrx_word' id='word_1_188' title='bbox 175 2335 335 2416; x_wconf 89' lang='lat' dir='ltr'>honorant;</span> <span class='ocrx_word' id='word_1_189' title='bbox 364 2334 452 2395; x_wconf 91' lang='lat' dir='ltr'>simul</span> <span class='ocrx_word' id='word_1_190' title='bbox 480 2341 510 2394; x_wconf 91' lang='lat' dir='ltr'>et</span> <span class='ocrx_word' id='word_1_191' title='bbox 537 2334 665 2396; x_wconf 89' lang='lat' dir='ltr'>naturali</span> <span class='ocrx_word' id='word_1_192' title='bbox 687 2337 759 2394; x_wconf 87' lang='lat' dir='ltr'>vitio</span> <span class='ocrx_word' id='word_1_193' title='bbox 787 2337 879 2395; x_wconf 85' lang='lat' dir='ltr'>lixum</span> <span class='ocrx_word' id='word_1_194' title='bbox 907 2342 953 2395; x_wconf 89' lang='lat' dir='ltr'>est</span> <span class='ocrx_word' id='word_1_195' title='bbox 976 2334 1087 2396; x_wconf 90' lang='lat' dir='ltr'>radica-</span> 
     </span>
    </p>

    <p class='ocr_par' dir='ltr' id='par_1_4' title="bbox 10 2419 1129 2573">
     <span class='ocr_line' id='line_1_26' title="bbox 10 2419 1129 2507; baseline 0.006 -26"><span class='ocrx_word' id='word_1_196' title='bbox 10 2436 14 2459; x_wconf 67' lang='lat'><em>*</em></span> <span class='ocrx_word' id='word_1_197' title='bbox 83 2419 196 2502; x_wconf 70' lang='lat' dir='ltr'>tumque</span> <span class='ocrx_word' id='word_1_198' title='bbox 219 2422 390 2503; x_wconf 90' lang='lat' dir='ltr'>pectoribus</span> <span class='ocrx_word' id='word_1_199' title='bbox 414 2423 560 2505; x_wconf 89' lang='lat' dir='ltr'>humanis,</span> <span class='ocrx_word' id='word_1_200' title='bbox 583 2432 625 2506; x_wconf 89' lang='lat' dir='ltr'>ut,</span> <span class='ocrx_word' id='word_1_201' title='bbox 649 2426 700 2502; x_wconf 95' lang='lat' dir='ltr'>qui</span> <span class='ocrx_word' id='word_1_202' title='bbox 723 2442 783 2484; x_wconf 91' lang='lat' dir='ltr'>non</span> <span class='ocrx_word' id='word_1_203' title='bbox 807 2423 983 2502; x_wconf 88' lang='lat' dir='ltr'>intellegunt</span> <span class='ocrx_word' id='word_1_204' title='bbox 1001 2431 1089 2507; x_wconf 79' lang='lat' dir='ltr'>arteS,</span> <span class='ocrx_word' id='word_1_205' title='bbox 1103 2447 1129 2488; x_wconf 81' lang='lat'>25</span> 
     </span>
     <span class='ocr_line' id='line_1_27' title="bbox 88 2513 585 2573; baseline 0.01 -6"><span class='ocrx_word' id='word_1_206' title='bbox 88 2519 141 2570; x_wconf 81' lang='lat' dir='ltr'>non</span> <span class='ocrx_word' id='word_1_207' title='bbox 159 2515 309 2573; x_wconf 90' lang='lat' dir='ltr'>mirentur</span> <span class='ocrx_word' id='word_1_208' title='bbox 331 2513 468 2573; x_wconf 85' lang='lat' dir='ltr'>artifices.</span> <span class='ocrx_word' id='word_1_209' title='bbox 513 2513 585 2573; x_wconf 85' lang='lat' dir='ltr'>vale.</span> 
     </span>
    </p>
   </div>
   <div class='ocr_carea' id='block_1_4' title="bbox 238 2737 998 2917">
    <p class='ocr_par' dir='ltr' id='par_1_5' title="bbox 238 2737 998 2917">
     <span class='ocr_line' id='line_1_28' title="bbox 553 2737 608 2804; baseline -0.036 0"><span class='ocrx_word' id='word_1_210' title='bbox 553 2737 608 2804; x_wconf 89' lang='lat' dir='ltr'>XI.</span> 
     </span>
     <span class='ocr_line' id='line_1_29' title="bbox 238 2840 998 2917; baseline -0.003 -1"><span class='ocrx_word' id='word_1_211' title='bbox 238 2859 407 2916; x_wconf 80' lang='lat' dir='ltr'>amonius</span> <span class='ocrx_word' id='word_1_212' title='bbox 425 2858 636 2916; x_wconf 73' lang='lat' dir='ltr'>Possumne</span> <span class='ocrx_word' id='word_1_213' title='bbox 656 2859 725 2916; x_wconf 89' lang='lat' dir='ltr'>suo</span> <span class='ocrx_word' id='word_1_214' title='bbox 745 2860 922 2917; x_wconf 70' lang='lat' dir='ltr'>securum.</span> <span class='ocrx_word' id='word_1_215' title='bbox 996 2840 998 2843; x_wconf 82' lang='grc'><strong>’</strong></span> 
     </span>
    </p>
   </div>
   <div class='ocr_carea' id='block_1_5' title="bbox 97 2969 1087 3142">
    <p class='ocr_par' dir='ltr' id='par_1_6' title="bbox 97 2969 1087 3142">
     <span class='ocr_line' id='line_1_30' title="bbox 148 2969 1087 3056; baseline 0.004 -24"><span class='ocrx_word' id='word_1_216' title='bbox 148 2969 171 3033; x_wconf 84' lang='grc'>1.</span> <span class='ocrx_word' id='word_1_217' title='bbox 193 2973 318 3035; x_wconf 89' lang='lat' dir='ltr'>Multum</span> <span class='ocrx_word' id='word_1_218' title='bbox 340 2981 369 3035; x_wconf 89' lang='lat' dir='ltr'>te</span> <span class='ocrx_word' id='word_1_219' title='bbox 394 2993 539 3056; x_wconf 72' lang='lat' dir='ltr'>amamus,</span> <span class='ocrx_word' id='word_1_220' title='bbox 568 2983 597 3036; x_wconf 88' lang='lat' dir='ltr'>et</span> <span class='ocrx_word' id='word_1_221' title='bbox 625 2976 744 3054; x_wconf 92' lang='lat' dir='ltr'>quidem</span> <span class='ocrx_word' id='word_1_222' title='bbox 771 2975 895 3036; x_wconf 93' lang='lat' dir='ltr'>huiusce</span> <span class='ocrx_word' id='word_1_223' title='bbox 920 2974 1087 3036; x_wconf 89' lang='lat' dir='ltr'>dilectionis</span> 
     </span>
     <span class='ocr_line' id='line_1_31' title="bbox 97 3064 1087 3142; baseline 0.006 -23"><span class='ocrx_word' id='word_1_224' title='bbox 97 3065 141 3117; x_wconf 81' lang='lat' dir='ltr'>¹10ss</span> <span class='ocrx_word' id='word_1_225' title='bbox 158 3070 201 3123; x_wconf 88' lang='lat' dir='ltr'>est</span> <span class='ocrx_word' id='word_1_226' title='bbox 219 3081 363 3124; x_wconf 90' lang='lat' dir='ltr'>emoneus</span> <span class='ocrx_word' id='word_1_227' title='bbox 382 3071 432 3124; x_wconf 93' lang='lat' dir='ltr'>aut</span> <span class='ocrx_word' id='word_1_228' title='bbox 451 3064 591 3125; x_wconf 86' lang='lat' dir='ltr'>fortuitus</span> <span class='ocrx_word' id='word_1_229' title='bbox 610 3066 741 3125; x_wconf 84' lang='lat' dir='ltr'>allectus.</span> <span class='ocrx_word' id='word_1_230' title='bbox 779 3083 906 3142; x_wconf 90' lang='lat' dir='ltr'>namque</span> <span class='ocrx_word' id='word_1_231' title='bbox 926 3072 959 3124; x_wconf 94' lang='lat' dir='ltr'>ut</span> <span class='ocrx_word' id='word_1_232' title='bbox 978 3064 1087 3125; x_wconf 90' lang='lat' dir='ltr'>sodalis</span> 
     </span>
    </p>
   </div>
   <div class='ocr_carea' id='block_1_6' title="bbox 97 3217 1095 3571">
    <p class='ocr_par' dir='ltr' id='par_1_7' title="bbox 97 3217 1095 3571">
     <span class='ocr_line' id='line_1_32' title="bbox 150 3217 1086 3288; baseline 0.001 -18"><span class='ocrx_word' id='word_1_233' title='bbox 150 3221 161 3268; x_wconf 95' lang='lat'>1</span> <span class='ocrx_word' id='word_1_234' title='bbox 178 3218 312 3271; x_wconf 84' lang='lat' dir='ltr'>venustas</span> <span class='ocrx_word' id='word_1_235' title='bbox 331 3219 411 3272; x_wconf 81' lang='lat' dir='ltr'>aetas</span> <span class='ocrx_word' id='word_1_236' title='bbox 431 3217 456 3272; x_wconf 79' lang='grc'><em>0</em></span> <span class='ocrx_word' id='word_1_237' title='bbox 474 3221 483 3288; x_wconf 75' lang='lat' dir='ltr'>Il</span> <span class='ocrx_word' id='word_1_238' title='bbox 507 3224 522 3271; x_wconf 82' lang='lat'><strong>2</strong></span> <span class='ocrx_word' id='word_1_239' title='bbox 542 3217 629 3272; x_wconf 82' lang='lat' dir='ltr'>etiam</span> <span class='ocrx_word' id='word_1_240' title='bbox 648 3235 698 3273; x_wconf 84' lang='lat' dir='ltr'>om.</span> <span class='ocrx_word' id='word_1_241' title='bbox 720 3217 743 3272; x_wconf 81' lang='lat' dir='ltr'><em>O</em></span> <span class='ocrx_word' id='word_1_242' title='bbox 762 3221 771 3288; x_wconf 90' lang='grc' dir='ltr'>ΙΙ</span> <span class='ocrx_word' id='word_1_243' title='bbox 794 3224 811 3272; x_wconf 90' lang='grc'>4</span> <span class='ocrx_word' id='word_1_244' title='bbox 829 3234 895 3272; x_wconf 89' lang='lat' dir='ltr'>vere</span> <span class='ocrx_word' id='word_1_245' title='bbox 915 3218 949 3272; x_wconf 90' lang='lat' dir='ltr'><strong><em>N</em></strong></span> <span class='ocrx_word' id='word_1_246' title='bbox 955 3217 1022 3273; x_wconf 87' lang='lat' dir='ltr'>VM</span> <span class='ocrx_word' id='word_1_247' title='bbox 1027 3217 1086 3285; x_wconf 75' lang='lat'>01⁷,</span> 
     </span>
     <span class='ocr_line' id='line_1_33' title="bbox 97 3287 1087 3359; baseline -0.002 -17"><span class='ocrx_word' id='word_1_248' title='bbox 97 3288 145 3336; x_wconf 69' lang='lat'>&#39;⁸10</span> <span class='ocrx_word' id='word_1_249' title='bbox 160 3287 236 3358; x_wconf 72' lang='lat' dir='ltr'>Lllss</span> <span class='ocrx_word' id='word_1_250' title='bbox 255 3291 322 3358; x_wconf 83' lang='lat' dir='ltr'>post</span> <span class='ocrx_word' id='word_1_251' title='bbox 339 3288 481 3358; x_wconf 83' lang='lat' dir='ltr'>prefectus</span> <span class='ocrx_word' id='word_1_252' title='bbox 500 3289 595 3359; x_wconf 80' lang='lat' dir='ltr'>galliis</span> <span class='ocrx_word' id='word_1_253' title='bbox 616 3290 639 3344; x_wconf 80' lang='lat'><em>0</em></span> <span class='ocrx_word' id='word_1_254' title='bbox 649 3291 658 3357; x_wconf 80' lang='lat' dir='ltr'>ss</span> <span class='ocrx_word' id='word_1_255' title='bbox 674 3295 705 3342; x_wconf 91' lang='lat'>11</span> <span class='ocrx_word' id='word_1_256' title='bbox 725 3290 755 3342; x_wconf 81' lang='lat' dir='ltr'>et</span> <span class='ocrx_word' id='word_1_257' title='bbox 773 3306 824 3344; x_wconf 80' lang='lat' dir='ltr'>oon.</span> <span class='ocrx_word' id='word_1_258' title='bbox 844 3289 871 3344; x_wconf 86' lang='lat' dir='ltr'><strong><em>L</em></strong></span> <span class='ocrx_word' id='word_1_259' title='bbox 885 3291 893 3358; x_wconf 84' lang='grc' dir='ltr'>ΙΙ</span> <span class='ocrx_word' id='word_1_260' title='bbox 910 3295 942 3342; x_wconf 87' lang='grc'>16</span> <span class='ocrx_word' id='word_1_261' title='bbox 962 3288 1087 3342; x_wconf 85' lang='lat' dir='ltr'>scribent</span> 
     </span>
     <span class='ocr_line' id='line_1_34' title="bbox 97 3344 1086 3439; baseline 0.003 -30"><span class='ocrx_word' id='word_1_262' title='bbox 97 3344 125 3418; x_wconf 67' lang='lat' dir='ltr'>L,</span> <span class='ocrx_word' id='word_1_263' title='bbox 143 3359 296 3414; x_wconf 80' lang='lat' dir='ltr'>scribantur</span> <span class='ocrx_word' id='word_1_264' title='bbox 313 3360 348 3414; x_wconf 93' lang='lat' dir='ltr'><strong><em>N</em></strong></span> <span class='ocrx_word' id='word_1_265' title='bbox 355 3360 422 3414; x_wconf 88' lang='lat' dir='ltr'>VM</span> <span class='ocrx_word' id='word_1_266' title='bbox 426 3360 449 3415; x_wconf 86' lang='lat'><em>0</em></span> <span class='ocrx_word' id='word_1_267' title='bbox 455 3360 480 3413; x_wconf 86' lang='grc' dir='ltr'><em>Τ</em></span> <span class='ocrx_word' id='word_1_268' title='bbox 503 3364 513 3430; x_wconf 73' lang='lat' dir='ltr'>ll</span> <span class='ocrx_word' id='word_1_269' title='bbox 541 3367 573 3416; x_wconf 89' lang='lat'>18</span> <span class='ocrx_word' id='word_1_270' title='bbox 592 3376 780 3429; x_wconf 80' lang='lat' dir='ltr'>pompamque</span> <span class='ocrx_word' id='word_1_271' title='bbox 799 3361 841 3430; x_wconf 85' lang='lat' dir='ltr'>L,</span> <span class='ocrx_word' id='word_1_272' title='bbox 865 3376 998 3429; x_wconf 79' lang='lat' dir='ltr'>pompam</span> <span class='ocrx_word' id='word_1_273' title='bbox 1020 3364 1086 3439; x_wconf 83' lang='lat' dir='ltr'>(que</span> 
     </span>
     <span class='ocr_line' id='line_1_35' title="bbox 97 3429 1095 3571; baseline -0.006 -85"><span class='ocrx_word' id='word_1_274' title='bbox 97 3431 141 3547; x_wconf 51' lang='grc' dir='ltr'>ἓξ·</span> <span class='ocrx_word' id='word_1_275' title='bbox 153 3429 184 3555; x_wconf 52' lang='lat' dir='ltr'>gl</span> <span class='ocrx_word' id='word_1_276' title='bbox 182 3431 241 3571; x_wconf 44' lang='lat' dir='ltr'>RN</span> <span class='ocrx_word' id='word_1_277' title='bbox 240 3432 279 3486; x_wconf 87' lang='grc' dir='ltr'><em>Μ</em></span> <span class='ocrx_word' id='word_1_278' title='bbox 283 3429 335 3486; x_wconf 79' lang='lat' dir='ltr'>GT</span> <span class='ocrx_word' id='word_1_279' title='bbox 350 3433 359 3501; x_wconf 85' lang='grc' dir='ltr'>ΙΙ</span> <span class='ocrx_word' id='word_1_280' title='bbox 381 3437 414 3485; x_wconf 86' lang='grc'>19</span> <span class='ocrx_word' id='word_1_281' title='bbox 433 3431 546 3500; x_wconf 85' lang='lat' dir='ltr'>ambigo</span> <span class='ocrx_word' id='word_1_282' title='bbox 566 3432 599 3486; x_wconf 92' lang='lat' dir='ltr'><strong><em>N</em></strong></span> <span class='ocrx_word' id='word_1_283' title='bbox 606 3433 670 3487; x_wconf 88' lang='lat' dir='ltr'>VM</span> <span class='ocrx_word' id='word_1_284' title='bbox 677 3430 737 3502; x_wconf 79' lang='lat' dir='ltr'>OT,</span> <span class='ocrx_word' id='word_1_285' title='bbox 756 3430 850 3488; x_wconf 82' lang='lat' dir='ltr'>ambio</span> <span class='ocrx_word' id='word_1_286' title='bbox 872 3432 898 3486; x_wconf 87' lang='lat' dir='ltr'>L</span> <span class='ocrx_word' id='word_1_287' title='bbox 908 3434 926 3501; x_wconf 81' lang='lat' dir='ltr'>b</span> <span class='ocrx_word' id='word_1_288' title='bbox 936 3438 977 3485; x_wconf 77' lang='lat' dir='ltr'>‘ii</span> <span class='ocrx_word' id='word_1_289' title='bbox 992 3429 1095 3482; x_wconf 59' lang='lat' dir='ltr'>scindi-</span> 
     </span>
    </p>
   </div>
   <div class='ocr_carea' id='block_1_7' title="bbox 922 3594 958 3649">
    <p class='ocr_par' dir='ltr' id='par_1_8' title="bbox 922 3594 958 3649">
     <span class='ocr_line' id='line_1_36' title="bbox 922 3594 958 3649; baseline 0 -25"><span class='ocrx_word' id='word_1_290' title='bbox 922 3594 958 3649; x_wconf 48' lang='lat' dir='ltr'>Q*</span> 
     </span>
    </p>
   </div>
   <div class='ocr_carea' id='block_1_8' title="bbox 0 0 1212 3864">
    <p class='ocr_par' dir='ltr' id='par_1_9' title="bbox 0 0 1212 3864">
     <span class='ocr_line' id='line_1_37' title="bbox 0 0 1212 3864; baseline 0 2"><span class='ocrx_word' id='word_1_291' title='bbox 0 0 1212 3864; x_wconf 95' lang='lat' dir='ltr'> </span> 
     </span>
    </p>
   </div>
  </div>
 </body>
</html>
