2414 3864
186 169 353 226 SIDONIUS
372 169 526 226 FIRMINO
547 170 614 226 SUO
634 170 813 226 SALUTEM.
937 171 1003 237 235

128 329 144 380 t
170 319 262 379 Solvit
286 327 452 402 antemnas,
475 319 547 399 legit
569 320 627 380 alta
649 321 727 401 vela,

172 407 329 488 palmulam
350 411 435 488 ponit
457 427 576 490 manus,
600 416 688 488 atque
711 411 851 471 transtris

173 497 253 557 litori
275 499 385 558 iunctis
407 500 483 577 petit
506 496 695 558 osculandam

291 586 382 646 saltus
405 587 555 648 harenam.

171 726 331 789 Mussitans
354 746 532 807 quamquam
557 728 666 790 chorus
689 729 859 790 invidorum

109 829 143 878 10
166 817 272 896 prodat
294 817 402 878 hirritu
426 816 540 877 rabiem
562 820 681 898 canino,

171 905 212 966 nil
234 905 330 985 palam
353 924 423 966 sane
446 905 579 985 loquitur
600 915 747 986 pavetque

288 993 406 1074 publica
429 1001 546 1074 puncta.

168 1135 330 1197 Verberant
352 1138 489 1217 puppim,
513 1139 651 1215 quatiunt
674 1139 817 1217 carinam,

167 1225 309 1285 ventilant
332 1225 460 1304 spondas
483 1224 610 1286 laterum
634 1226 790 1305 rotundas,

109 1324 141 1374 15
165 1313 301 1375 arborem
325 1316 403 1374 eirca
426 1313 548 1374 volitant
572 1317 710 1376 sinistrae

288 1401 375 1463 sibila
397 1402 523 1482 linguae.

168 1543 228 1605 Nos
251 1553 350 1606 tamen
373 1552 484 1607 rectam
507 1548 616 1607 comite
640 1552 703 1605 arte
726 1562 859 1626 proram,

166 1633 210 1694 nil
232 1641 431 1695 tumescentes
454 1637 542 1695 veriti
564 1633 722 1714 procellas,

167 1725 300 1785 sistimus
323 1731 425 1805 portu,
448 1726 582 1802 geminae
605 1725 692 1802 potiti

108 1825 142 1874 20
290 1812 395 1873 fronde
419 1830 558 1892 coronae,

166 1953 260 2025 Quam
283 1954 356 2014 mibi
379 1954 502 2015 indulsit
524 1952 651 2033 populus
674 1953 805 2035 Quirini,

166 2041 297 2103 blattifer
320 2042 366 2102 vel
389 2061 479 2122 quam
501 2042 606 2104 tribuit
629 2050 762 2124 senatus,

166 2149 254 2210 quam
276 2133 442 2211 peritorum
465 2131 547 2192 dedit
570 2131 641 2191 ordo
666 2150 788 2193 consors

285 2219 477 2301 iudiciorum,

105 2373 138 2423 25
163 2360 237 2422 Cum
260 2364 335 2421 meis
358 2366 430 2441 poni
453 2370 579 2424 statuam
602 2381 765 2442 perennem

166 2449 261 2511 Nerva
284 2451 429 2512 Traianus
452 2452 547 2513 titulis
571 2451 697 2533 videret,

164 2540 243 2600 inter
266 2547 402 2600 auctores
425 2543 582 2620 utriusque
605 2541 693 2600 fixam

284 2627 494 2711 bibliothocae3

163 2770 316 2850 Quamque
339 2779 421 2852 post,
444 2775 526 2833 visus
549 2789 654 2851 prope,
677 2778 745 2851 post
767 2771 893 2833 bilustre

104 2872 138 2922 80
162 2867 280 2939 tempus
303 2863 417 2942 accepi,
441 2864 561 2940 capiens
584 2860 741 2943 honorem,

164 2951 216 3027 qui
238 2957 356 3027 patrum
379 2969 413 3010 ac
435 2949 531 3030 plebis
555 2949 642 3010 simul
661 2967 739 3010 unus
764 2949 834 3011 olim

283 3041 348 3099 iura
371 3038 522 3117 gubernat.

162 3179 284 3241 Praeter
306 3180 413 3241 heroos
437 3183 501 3241 ioca
524 3180 616 3240 multa
638 3178 740 3240 multis

162 3271 245 3330 texui
262 3271 382 3349 pannis;
406 3269 505 3348 elegos
528 3270 701 3348 frequenter

56 3473 78 3511 r.
94 3460 110 3510 5
129 3455 216 3510 solvit
234 3456 268 3527 (it
286 3460 317 3512 ia
330 3475 384 3514 raa.
401 3457 505 3526 M¹)M‚
525 3456 618 3512 solvat
632 3457 657 3515 0
669 3460 675 3529 l
689 3422 769 3530 legat
784 3459 807 3514 (J
822 3465 849 3514 et
867 3461 999 3527 <corato

70 3527 226 3596 MDMtr.
242 3534 278 3581 33
294 3529 396 3585 beroos
417 3530 447 3602 C,
466 3529 570 3589 heroes
594 3531 632 3604 F,
651 3530 774 3590 cboteos
793 3531 892 3600 met
