2414 3864
228 167 398 225 SIDONIUS
416 168 648 226 DESIDERATO
668 169 737 226 SUO
756 168 935 226 SALUTEM.
1029 168 1087 234 ’39

103 317 210 392 gunthus
242 318 363 380 difficile
391 320 544 402 concedis,
576 320 721 381 indicium
749 321 788 380 sit
814 318 890 379 bene
919 318 1086 380 iudicaturi.

103 407 152 482 quis
170 410 245 468 enim
269 427 301 469 se
324 426 385 470 non
408 407 517 470 ambiat
540 409 685 470 arbitrum
708 407 768 488 legi
790 416 841 469 aut
858 409 955 487 pretio
975 407 1086 488 aliquid

102 492 243 558 indulturus
267 506 318 558 aut
341 495 475 576 gratiae?
516 496 545 560 2.
569 501 661 578 igitur
683 500 804 577 ignosce
829 497 864 558 ad
887 504 1085 574 tamusanctae

101 589 271 648 conscientiae
294 589 528 666 praerogatiuam
552 590 660 667 raptim
678 589 899 667 perniciterque
923 604 1085 666 properan-

100 669 169 756 tibus,
194 675 432 755 quandoqnidem
460 679 638 738 sententiam
664 683 746 737 tuam
772 695 828 738 nec
850 677 947 736 victus
969 682 1003 736 ut
1026 684 1085 736 sto·
1112 695 1126 738 a

100 755 158 822 lidus
179 772 297 826 accusat
326 783 381 825 nec
408 767 504 826 victor
530 774 564 827 ut
591 773 714 845 argutus
741 765 865 847 inridet,
892 766 1085 844 veritatisque

100 862 210 928 respectu
233 853 405 933 dependunt
427 854 483 914 tibi
506 855 616 915 addicti
639 856 845 936 reverentiam,
868 857 993 934 gratiam
1011 853 1085 914 libc-

100 940 147 998 rati.
172 942 294 1021 proinde
313 944 438 1022 inpense
458 943 592 1026 obsecro,
610 951 644 1004 ut
662 946 741 1004 inter
755 943 903 1004 Alethium
918 951 948 1004 et
961 941 1085 1004 Paulum

100 1039 154 1100 quae
173 1034 293 1093 veniumt
315 1033 346 1092 in
370 1032 629 1114 disceptationem,
652 1051 720 1093 mox
743 1040 777 1094 nt
799 1035 949 1112 utrimque
973 1033 1086 1094 luerint

99 1122 215 1201 opposita,
238 1120 396 1200 discingas.
429 1117 566 1205 namque,
589 1125 621 1183 ni
644 1122 739 1204 fallor,
762 1140 852 1202 supra
873 1121 1084 1182 decemvirales
1100 1143 1126 1182 10

99 1209 315 1290 pontificalesque
348 1213 509 1272 sententias
542 1211 722 1291 aegritudini
753 1211 842 1272 huius
870 1229 963 1291 prope
991 1213 1084 1271 inter·

46 1306 48 1311 ·
98 1292 219 1360 mirabilis
238 1301 328 1379 iurgii
348 1299 409 1360 sola
427 1318 545 1361 morum
563 1308 684 1361 tuorum
698 1299 893 1380 temperantia
908 1299 993 1360 sollta
1008 1299 1084 1360 iudi-

46 1418 50 1425 ·
99 1384 164 1446 randi
184 1387 355 1450 salubritate
379 1388 583 1451 medicabitur.
620 1390 691 1451 vale.

532 1615 621 1682 VIII.

220 1735 389 1792 SIDONIUS
408 1736 640 1793 DESIDERATO
660 1736 729 1793 SUO
749 1735 927 1792 SALUTEM.

46 1872 48 1879 ·
146 1843 167 1908 1.
183 1848 398 1912 Maestissimus
412 1851 485 1912 hacc
499 1852 554 1913 tibi
568 1854 681 1913 nuntio.
706 1851 835 1912 decessit
849 1851 957 1912 nudius
972 1853 1079 1911 tertius
1095 1872 1121 1912 15

94 1940 139 1993 110n
160 1936 268 2018 absque
297 1941 411 2001 iustitio
438 1948 573 2002 matrona
595 1940 755 2023 Filimatia,
783 1942 931 2018 morigera
954 1942 1083 2001 coniunx

94 2012 188 2087 domina
210 2027 356 2109 clemens,
378 2029 461 2090 utilis
484 2037 579 2090 mater
601 2032 650 2109 pia
673 2029 747 2111 filia,
770 2031 819 2090 cui
842 2028 980 2090 debuerit
1003 2030 1083 2090 domi

94 2100 199 2194 f⁰1isque
217 2135 347 2196 persona
364 2120 463 2178 minor
481 2118 666 2200 obsequium,
683 2120 778 2179 maior
793 2118 932 2199 officium,
952 2118 1082 2198 aequalis

93 2195 214 2266 illectum.
252 2205 326 2267 haec
354 2225 422 2267 cum
445 2215 526 2269 esset
548 2211 635 2269 unica
663 2207 797 2269 iamdiu
818 2210 922 2268 matris
947 2210 1082 2289 amissae,

94 2278 157 2352 facile
172 2295 300 2355 diversis
319 2294 589 2358 blandimentorum
607 2297 766 2377 generibus
786 2297 934 2378 effecerat,
953 2315 990 2356 ne
1004 2298 1123 2375 patrico

93 2371 164 2442 adhuc
189 2386 291 2445 iuveni
319 2384 431 2446 suboIIs
460 2403 549 2446 sexus
577 2385 699 2448 alterius
727 2386 955 2447 desideraretur.
1001 2403 1081 2445 nunc
1122 2435 1124 2438 .

93 2472 167 2531 litem
193 2492 248 2553 per
272 2473 370 2534 subita
392 2492 532 2553 suprema
558 2477 655 2536 virum
679 2474 837 2555 caelibatu,
864 2481 979 2552 patrem
1002 2473 1081 2534 orbi-

93 2553 135 2647 liic
154 2562 290 2623 confodit.
335 2562 382 2623 his
405 2562 538 2643 additur,
566 2565 643 2643 quod
667 2565 798 2645 qulnqne
822 2560 948 2622 liberum
972 2581 1081 2641 parens

92 2651 214 2712 unaturo
247 2652 329 2712 exitu
361 2650 492 2712 reddidit
521 2653 731 2714 infortunatam
759 2651 979 2713 fecunditatem.
1031 2653 1082 2730 qui

93 2739 182 2802 lusui
204 2743 230 2801 si
253 2747 348 2800 matre
371 2742 482 2820 sospite
506 2741 706 2821 perdidissent
729 2744 787 2802 iam
812 2741 862 2801 din
882 2739 1011 2800 debilem
1029 2758 1122 2819 pass

93 2819 159 2908 inm,
175 2831 275 2890 minus
293 2828 399 2909 pupilli
417 2831 667 2892 existimarentur.
696 2829 726 2892 2.
745 2830 821 2890 hanc
840 2839 954 2911 tamen,
973 2831 999 2889 si
1013 2832 1081 2909 quis

93 2899 149 2974 htud
168 2919 317 2979 incassum
340 2918 435 2979 honor
459 2918 650 2980 cadaveribus
673 2919 869 3001 impenditur,
897 2937 957 2979 non
979 2920 1080 2999 vispil-

95 2987 170 3065 llium
192 3006 516 3087 sandapilariorumque
542 3010 708 3069 ministeria
727 3011 861 3069 ominosa
883 3008 1080 3092 tumulavere,

145 3177 157 3226 l
174 3177 337 3247 dependunt
353 3177 409 3234 tibi
427 3194 477 3235 om.
494 3179 525 3234 F
538 3181 541 3248 Ι
554 3185 617 3248 post
635 3178 758 3248 gretiam
777 3181 840 3235 odd.
856 3180 1035 3250 perpendunt
1052 3181 1080 3250 0,

94 3244 368 3318 ou.LNVMTq12
388 3267 496 3305 morum
519 3249 580 3305 sola
600 3250 650 3320 01
672 3255 704 3304 15
725 3250 837 3305 decedit
858 3251 907 3320 01
929 3256 961 3305 17
982 3251 1081 3306 debuit

97 3301 323 3392 1110001111ιο
341 3321 442 3375 mebris
461 3322 488 3375 L
506 3328 532 3376 et
550 3323 573 3391 (s
592 3321 774 3391 0100111111,
792 3322 879 3376 matri
893 3323 928 3377 M
934 3322 987 3377 UT
1001 3325 1005 3392 Ι
1017 3329 1081 3393 post

95 3389 187 3444 inlusae
204 3395 256 3448 ios.
275 3392 337 3446 filia
355 3392 531 3462 Iatctjobann
554 3395 563 3462 11
586 3397 618 3446 21
640 3392 748 3446 subolis
768 3393 803 3464 L,
824 3393 929 3449 sobolis
949 3397 1085 3462 (001010

95 3448 296 3533 1101011111,
315 3463 427 3518 suboles
444 3464 485 3534 M,
510 3463 624 3521 soboles
645 3463 698 3522 UT
719 3466 730 3537 1
753 3471 790 3522 13
807 3466 940 3524 liberum
957 3464 1107 3531 NMU'I,

94 3511 211 3584 liberorum
226 3535 256 3586 h
271 3541 300 3589 et
313 3550 333 3588 8.
353 3535 371 3587 l.
392 3536 456 3591 add.
474 3536 548 3609 11111
562 3543 597 3594 26
619 3538 686 3612 quis
708 3541 863 3616 NMOT,
879 3540 937 3612 qni
953 3538 1015 3608 111
