2414 3864
118 157 289 214 SIDONIUS
307 157 452 215 DOMINO
472 158 590 215 PAPAE
609 160 794 218 PRINCIPIO
815 161 994 221 SALUTEM.
1032 164 1098 232 199

85 309 217 369 victimis
250 310 382 368 caritatis
415 311 616 389 castitatisque
649 310 910 390 flagrantissimum
942 315 1099 375 incensum

83 395 225 459 turibulis
258 396 357 458 cordis
387 396 518 458 adoletis.
564 399 600 459 ad
630 399 686 460 hoc
719 402 857 480 quotiens
889 403 992 480 iugum
1023 402 1098 482 legis

82 485 251 548 cervicibus
271 485 495 565 superbientum
514 505 568 566 per
586 488 704 550 vincula
721 488 951 568 praedicationis
970 491 1098 552 adstrin-

82 577 162 656 gitis,
184 582 257 636 tunc
280 574 335 635 deo
353 581 455 636 tauros
475 575 647 655 spiritaliter
666 577 834 640 immolatis.
872 580 1009 658 quotiens
1028 598 1098 642 con·

83 666 226 725 scientiae
240 661 417 724 luxuriantis
435 665 546 726 faetore
565 665 693 746 pollutos
712 666 748 727 ad
763 666 992 729 suaveolentiam
1011 669 1098 748 pudi·
1124 688 1139 731 s

82 755 171 814 ciliae
187 751 316 814 stimulis
331 755 526 815 correctionis
541 754 702 837 impellitis,
715 756 868 817 hIrcorum
882 776 933 818 vos
953 757 1096 820 obtulisse

82 840 273 903 virulentiam
296 841 432 904 Christus
456 841 515 904 sibi
538 851 696 923 computat.
739 841 768 906 5.
792 848 930 925 quotiens
952 847 1096 908 hortanti-

83 931 146 993 bus·
170 930 254 991 vobis
284 933 315 991 in
348 949 534 1011 quocumque
567 940 733 1013 conpuncto
766 933 867 1014 culpas
902 953 971 996 suas
999 938 1097 998 anima

82 1019 248 1100 poenaliter
271 1020 425 1081 recordata
447 1023 586 1102 suspirat,
610 1024 677 1101 quis
700 1040 752 1083 vos
775 1022 905 1103 ambigat
927 1027 1009 1105 paria
1032 1032 1095 1086 tur·

82 1119 184 1170 turum
217 1116 267 1170 aut
297 1108 384 1170 binos
411 1108 508 1189 pullos
532 1110 748 1192 columbarum,
779 1114 830 1191 qui
853 1112 1002 1193 duplicem
1026 1113 1096 1175 sub·
1110 1133 1137 1173 ro

81 1201 222 1259 stantiam
258 1200 415 1277 utriusque
451 1199 600 1259 hominis'
617 1202 713 1260 nostri
749 1207 810 1260 tam
845 1219 970 1262 numero
1008 1221 1096 1282 quam

79 1289 195 1366 gemitu
214 1288 373 1367 assignant,
391 1290 516 1368 mystico
534 1287 635 1349 litasse
655 1285 822 1349 sacrificio?
845 1292 982 1368 quotiens
996 1298 1095 1353 vestro

82 1378 198 1437 monitu
221 1375 343 1436 obesum
368 1378 547 1456 quicumque
576 1395 685 1457 corpus
712 1385 955 1458 aestuantemque
983 1379 1095 1458 turgidi

79 1466 195 1526 ventris
219 1466 350 1526 arvinam
373 1465 479 1527 erebro
503 1468 685 1527 ieiuniorum
708 1466 918 1546 decoquendus
941 1469 1009 1546 igne
1033 1476 1094 1528 tor-

80 1555 190 1633 ruerit,
221 1552 296 1614 nulh
327 1553 451 1615 dubium
482 1561 528 1616 est
559 1573 611 1615 vos
643 1562 714 1616 tunc
747 1555 884 1617 simulam
915 1556 1032 1618 lrIctam
1062 1559 1094 1618 in
1109 1575 1135 1617 ra

79 1642 209 1723 quadam
232 1644 430 1704 continentiae
450 1645 598 1723 sartagine
622 1650 856 1706 consecraturos.
902 1644 931 1707 6.
956 1649 1094 1725 quotiens

81 1732 212 1813 aliquem
235 1733 344 1792 mentis
362 1732 493 1812 perfidae
512 1734 653 1812 figmenta
671 1741 831 1812 ponentem
851 1753 952 1796 sanam
971 1753 1094 1815 respon·

78 1821 152 1882 dere
177 1820 341 1882 doctrinam
365 1820 453 1882 iidem
478 1822 610 1902 credere,
633 1823 710 1882 viam
733 1829 836 1884 tencre
859 1825 949 1885 vitam
973 1842 1093 1904 sperare

80 1910 226 1992 suadetis,
254 1912 321 1990 quis
344 1928 397 1970 vos
420 1909 535 1971 dubitet
558 1913 589 1972 in
606 1910 696 1972 huius
720 1912 925 1974 emendatione
949 1916 1094 1994 conversi,

79 2002 132 2079 qui
156 2000 215 2059 iam
239 2001 279 2059 sit
301 1999 377 2060 liber
400 1997 436 2059 ab
458 1999 588 2080 haeresi,
615 1999 692 2061 liber
715 1999 751 2060 ab
774 2001 935 2083 hypocrisi,
957 2001 1035 2064 liber
1058 2002 1094 2063 ab
1109 2021 1135 2062 ro

80 2089 250 2168 schismate,
273 2089 518 2167 purgatissimum
540 2091 753 2169 propositionis
776 2109 884 2170 panem
908 2110 975 2152 cum
999 2094 1094 2153 sinee-

79 2178 177 2238 rItatis
202 2183 232 2237 et
253 2179 387 2237 veritatis
411 2179 520 2257 azymis
544 2175 754 2239 dedicaturos?
801 2177 829 2240 7.
852 2186 1003 2259 postremo
1027 2183 1094 2258 quis

79 2268 206 2346 nesciat,
235 2266 377 2345 quicquid
404 2264 478 2345 legis
507 2265 612 2327 diebus
642 2267 806 2345 figuraliter
833 2267 1040 2329 immolabatur
1063 2271 1094 2328 in

78 2353 269 2436 corporibus,
302 2354 380 2433 quod
403 2363 499 2416 totum
521 2355 553 2415 id
575 2359 686 2434 gratiae
710 2363 843 2436 tempore
862 2357 1017 2417 manifeste
1041 2375 1093 2418 vos

78 2445 212 2504 oll‘eratis
235 2445 266 2504 in
289 2440 444 2504 moribus?
468 2452 555 2523 atque
575 2444 641 2505 ideo
656 2447 765 2524 gratias
784 2444 891 2506 uberes
911 2445 966 2504 deo
985 2445 1092 2526 resero,
1107 2463 1133 2504 aa

77 2533 157 2613 quod
188 2531 351 2593 secundum
374 2540 490 2593 vestrae
513 2535 637 2612 paginae
666 2533 836 2612 qualitatem
860 2533 945 2594 laeile
964 2551 1092 2612 agnosco

77 2623 244 2682 antistitem
264 2621 445 2700 suprafatum
465 2620 500 2682 de
520 2622 612 2702 vohis,
636 2641 703 2682 cum
722 2640 827 2701 magna
846 2622 962 2704 dixerit,
981 2624 1094 2684 maiora

77 2711 216 2771 tacuisse.
254 2716 435 2789 quapropter
453 2728 540 2770 nemo
564 2709 751 2791 dubitaverit,
772 2712 823 2790 qui
841 2710 937 2771 bonus
961 2729 1002 2791 es,
1026 2729 1094 2772 cum

77 2799 235 2878 indicaris,
258 2805 288 2858 et
311 2797 429 2879 melior,
453 2817 520 2859 cum
544 2798 666 2879 legeris,
696 2817 762 2860 esse
790 2808 819 2861 te
843 2802 1001 2880 optimum,
1024 2818 1093 2862 cum

77 2887 198 2948 videris.
236 2884 265 2949 8.
279 2886 444 2966 Megethius
464 2887 599 2968 clericus,
617 2890 709 2947 vestri
723 2889 844 2966 gerulus
864 2886 983 2969 eloquii,
1001 2888 1091 2951 rebus
1105 2908 1133 2948 oo

77 2996 113 3038 ex
138 2977 287 3036 sententia
310 2978 415 3057 gestis,
443 2979 512 3055 quia
539 2986 657 3037 tuorum
686 2979 803 3055 apicum
831 2976 937 3038 detulit
959 2995 1093 3060 munera,

150 3168 165 3218 1
185 3163 442 3233 fragrantissimum
458 3167 538 3236 culpo
551 3168 591 3234 113
610 3163 767 3220 cervicibus
783 3165 1005 3235 superbientium
1020 3168 1059 3222 M
1062 3167 1092 3236 0,

77 3233 227 3290 cervitium
245 3237 304 3305 (um
321 3252 390 3291 corr.
405 3238 436 3291 in
454 3235 506 3288 bus
522 3237 568 3302 T1)
588 3235 816 3305 superbientibus
835 3236 897 3300 (bus
915 3254 984 3294 corr.
998 3240 1031 3293 te
1045 3256 1091 3292 um

78 3307 160 3375 T¹)T
171 3308 210 3375 lt)
229 3306 398 3379 poenaliter]
419 3306 602 3362 lacrimaliter
621 3306 673 3377 Fq
689 3314 719 3360 11
740 3306 861 3361 hominis
880 3309 970 3362 nostri
989 3310 1092 3362 utrius-

78 3393 133 3446 que
153 3377 177 3433 0
195 3381 205 3446 ΙΙ
229 3384 263 3434 15
283 3377 406 3432 similem
423 3377 536 3433 frictam
555 3380 593 3433 M
597 3378 654 3446 OT,
674 3378 719 3431 vel
737 3377 839 3432 frixam
858 3381 922 3434 add,
940 3396 961 3434 s.
981 3381 997 3434 i.
1019 3380 1067 3433 M¹
1081 3382 1090 3450 ΙΙ

79 3453 114 3502 ab
133 3453 229 3573 ghotos
249 3448 348 3504 uberes
368 3449 479 3519 (uberes
498 3451 529 3503 ilo
551 3467 605 3505 ras.
622 3450 660 3503 M
663 3450 723 3520 ¹)b1
738 3452 800 3520 1129
819 3454 848 3505 te
867 3466 929 3504 esse
950 3450 1001 3506 GT
1017 3458 1043 3506 ct
1060 3453 1093 3506 io

78 3536 133 3574 '⁰⁸-
187 3522 218 3588 ἸΙ
