2414 3864
294 112 465 171 SIDONIUS
483 112 664 169 DOMNULO
684 113 753 169 SUO
773 112 951 169 SALUTEM.
1068 111 1133 177 103

120 260 168 323 Vix
186 267 323 344 petissem
341 263 427 324 miles
447 282 463 323 a
482 265 601 342 sospite.
631 263 683 323 sed
706 270 736 323 et
754 262 865 323 liberos
885 265 949 324 eius
969 265 1010 323 ita
1029 263 1132 344 diligo,

112 354 146 408 ut
177 356 257 414 etiam
281 356 307 414 si
331 352 402 432 quid
425 352 582 436 adversum
606 355 731 412 cesserit
753 354 857 433 amico,
880 353 923 412 nil
946 354 1001 413 sim
1027 352 1062 413 ab
1082 353 1131 413 his

105 442 239 521 amplius
257 442 461 521 postulaturus
481 459 570 520 quam
588 443 647 501 mei
666 442 757 502 oflicii
776 444 850 502 ratio
870 443 1024 520 permittit.
1059 460 1131 521 qua-

99 539 235 610 propter
258 530 355 592 scribe
380 530 515 591 sollicitis
540 524 673 613 (quoque
696 530 763 610 plus
783 530 905 590 credant
928 530 1036 590 litteris
1060 532 1130 611 tuis,

97 628 197 681 meas
217 614 336 703 iunge),
360 621 495 698 quisquis
518 619 567 680 ille
591 619 682 680 fuerit
704 619 855 699 languoris
879 625 1016 700 eventus,
1040 638 1130 697 quem
1158 636 1172 678 5

95 706 214 769 lamen
232 710 318 770 fratri
336 726 514 789 prosperum
533 715 678 788 optamus,
697 709 776 787 quod
796 716 824 768 et
842 726 973 769 annuum
988 708 1131 770 solutioni

94 800 243 868 spatium
266 796 432 877 prorogabo
456 803 486 858 et
509 799 727 876 superpositam
751 797 953 878 medietatem,
978 816 1052 876 quae
1075 816 1131 876 per

92 895 222 948 usurae
245 905 355 947 nomen
378 889 515 967 accrevit,
538 886 716 966 indulgeam,
740 886 802 946 sola
821 886 921 967 simpli
939 889 1129 948 restitutione

91 970 291 1037 contentus'.
339 975 367 1038 7.
396 977 443 1054 egi
466 975 503 1036 ad
526 975 598 1036 haec
622 977 731 1054 gratias
755 975 809 1035 deo
833 978 992 1056 maximas,
1019 976 1131 1057 hospiti

91 1073 242 1146 magnas,
267 1067 319 1145 qui
342 1068 385 1125 sic
409 1071 521 1124 amaret
543 1071 603 1124 tam
628 1081 711 1124 suam
734 1064 842 1124 famam
865 1083 953 1144 quam
977 1068 1173 1126 conscien-1o

93 1147 194 1235 liam,
217 1154 396 1216 confirmans
420 1156 547 1214 amicum
565 1155 757 1232 praemittere
777 1153 843 1234 sibi,
867 1154 946 1232 quod
965 1153 1131 1216 dimitteret

92 1240 209 1324 robis,
236 1251 324 1324 atque
352 1243 423 1303 hinc
446 1261 575 1321 superna
598 1261 689 1320 regna
712 1245 853 1322 mercari,
881 1242 960 1320 quod
983 1243 1130 1304 beneficia

93 1331 232 1393 terrena
247 1351 307 1392 non
321 1331 471 1392 venderet.
500 1350 580 1412 ergo,
600 1330 678 1410 quod
692 1338 793 1411 restat,
813 1333 936 1412 enitere,
955 1338 989 1391 ut
1007 1339 1128 1394 auctore

95 1421 131 1475 le
169 1423 302 1499 protinus
326 1420 424 1482 saltim
447 1421 632 1482 commodata
655 1438 769 1480 summa
793 1419 936 1500 solvatur,
960 1423 1003 1480 sic
1027 1428 1060 1481 ut
1083 1423 1128 1481 in-

98 1518 216 1580 gentes
239 1509 432 1572 nihilominus
456 1512 566 1589 gratias
589 1527 658 1588 agas
678 1501 766 1569 etiam
786 1504 905 1569 homine
923 1508 1052 1590 illorum,
1076 1512 1169 1588 qui1s

99 1593 173 1657 tibi
198 1601 389 1677 germanitate
422 1601 573 1660 coniuncti
605 1599 666 1658 fors
698 1616 753 1677 per
781 1605 907 1658 aetatem
935 1616 1039 1677 sapere
1067 1618 1128 1660 non

101 1696 244 1768 possunt,
263 1688 487 1767 quid'muueris
501 1693 730 1767 consequantur.
764 1685 792 1749 8.
812 1705 872 1747 non
892 1694 937 1747 est
956 1706 1009 1748 cur
1028 1688 1128 1750 dicere

103 1771 250 1853 incipias:
284 1773 389 1837 ‘habeo
417 1784 571 1838 consortes
599 1775 726 1836 necdum
755 1775 901 1837 celebrata
934 1775 1041 1837 divisio
1069 1785 1129 1859 est3

107 1866 227 1926 avarius
249 1885 297 1926 me
321 1872 437 1926 constat
460 1883 527 1926 esse
550 1872 710 1926 tractatum
731 1884 819 1944 quam
837 1865 1013 1947 coheredes,
1037 1868 1095 1927 frat
1082 1873 1129 1927 ter

110 1963 148 2006 ac
173 1969 248 2015 soror
267 1954 323 2016 sub
343 1957 428 2015 anuis
447 1955 542 2015 adhuc
560 1953 737 2016 tutelaribus
757 1962 860 2035 agunt,
884 1957 980 2015 sorori
999 1956 1127 2017 necdum
1141 1977 1169 2016 ao

112 2043 245 2133 maritus,
268 2045 352 2104 srat'
315 2052 355 2104 ιιι
374 2044 502 2104 necdum
520 2051 649 2124 curator,
673 2045 802 2104 curatori
821 2001 948 2104 necdum
968 2052 1013 2105 sat
1001 2045 1092 2105 tisdat
1080 2053 1128 2105 tor

115 2121 214 2191 invent
202 2139 248 2193 tus
272 2140 325 2193 est.
328 2127 454 2212 'quod
479 2133 599 2211 quidem
622 2139 718 2193 totum
741 2131 940 2193 creditoribus
963 2132 1049 2214 benaa,
1074 2132 1126 2193 sed

117 2215 199 2278 mals
228 2223 351 2283 dicitur·
343 2229 417 2303 ,at
449 2241 518 2282 cum
552 2221 642 2282 habet
672 2220 740 2281 talis
772 2239 900 2300 persona
933 2228 1127 2302 contractum,

119 2313 190 2373 <Illac
210 2311 278 2372 velit
302 2310 434 2372 medium
457 2311 600 2392 relaxare,
624 2328 692 2371 cum
715 2317 811 2371 totum
833 2311 929 2389 possit
947 2312 1075 2390 exigere,
1100 2313 1126 2370 si

120 2399 224 2458 ¹¹¹01‘am
241 2403 362 2480 patitur,
382 2400 523 2480 quicquid
541 2407 665 2504 propter
683 2399 919 2460 misericordiam
938 2406 1127 2459 concesserat
1141 2419 1170 2460 as

121 2474 179 2560 mc,
198 2489 273 2550 iuste
296 2491 428 2568 reposcit
449 2497 572 2569 propter
595 2491 744 2550 iniuriam.
782 2486 854 2548 vale.

568 2715 670 2780 XXV.

293 2835 461 2892 SIDONIUS
480 2834 660 2891 DOMNULO
681 2835 750 2891 SUO
770 2835 948 2891 SALUTEM.

185 2942 209 3008 1
230 2949 352 3029 Nequeo
370 2950 501 3031 differre,
522 2952 594 3030 quin
613 2949 733 3028 grandis
752 2953 959 3010 communione
978 2957 1007 3010 te
1027 2951 1128 3028 gaudii

124 3013 237 3099 fislinus
260 3041 436 3120 inpertiam,
463 3041 605 3100 nimirum
629 3056 717 3099 nosse
724 3041 849 3186 fcupien
851 3046 924 3118 tem,
948 3039 1018 3118 quid
1043 3046 1093 3118 pat
1093 3057 1128 3098 er

125 3118 247 3186 ¹¹⁰ster
239 3147 270 3188 m
294 3127 411 3189 Christo
439 3130 517 3207 parit
519 3146 552 3188 er
580 3136 609 3188 et
638 3135 723 3206 pono
714 3128 771 3187 ’lex
798 3126 917 3187 Patiens
941 3126 1168 3189 Cabillonumoo

126 3206 260 3277 Proiectus
288 3235 371 3277 more
399 3217 566 3297 religionis,
598 3234 680 3277 more
709 3218 891 3276 constantiae
915 3234 985 3276 suae
1013 3217 1126 3276 fecerit

128 3297 187 3356 ⁰⁰11]
198 3309 324 3366 venisset
338 3308 369 3365 in
384 3306 525 3385 oppidum
540 3308 776 3385 suprascriptum
790 3305 1016 3383 provincialium
1029 3322 1126 3364 sacer·

184 3474 246 3526 aab
262 3475 308 3526 liis
325 3492 374 3530 om,
397 3476 443 3548 Op
454 3483 492 3533 27
509 3480 595 3539 taso.
615 3499 670 3541 om.
691 3483 721 3541 L
734 3487 747 3559 ll
759 3488 798 3540 30
818 3479 1019 3540 carnotinum
1033 3471 1137 3538 mit
