2414 3864
273 159 441 216 SIDONIUS
458 158 627 214 NAMATIO
647 159 716 214 SUO
735 158 913 216 SALUTEM.
1034 159 1099 224 179

84 313 160 371 tium
190 312 326 389 protinus
355 311 594 388 circumspexere
622 311 788 390 conspecti,
820 312 871 388 qui
899 327 959 370 non
987 312 1100 370 sensim

82 398 314 478 singulatimque
347 397 399 458 sed
431 397 632 458 tumultuatim
663 400 787 476 petitus,
808 404 839 458 ct
870 400 1001 458 cunctim
1031 417 1098 460 oum

80 488 213 569 quodam
240 487 362 566 prologo
390 486 514 566 pudoris
540 485 655 547 vultum
684 487 818 547 modeste
847 486 994 548 demissus
1017 489 1100 549 inru-

77 577 154 638 buit
202 583 290 655 atque
320 574 358 636 ob
380 574 437 636 hoc
465 574 509 635 illi
531 577 692 635 maximum
715 575 824 655 sophos
847 593 907 636 non
930 575 1099 655 eloquentia

77 669 166 746 prius
191 683 279 744 quam
302 664 480 725 verecundia
502 664 592 725 dedit.
633 664 708 725 dixit
730 664 874 744 disposite
897 667 1027 743 graviter
1049 683 1095 726 ar·
1124 684 1137 726 5

76 756 197 835 denter,
214 772 321 832 magna
334 755 496 814 acrimonia
510 755 622 814 maiore
637 753 773 814 facundia
787 755 915 814 maxima
929 753 1095 837 disciplina,

79 853 110 904 et
135 842 219 904 illam
243 843 378 903 Sarranis
403 841 516 903 ebriam
540 844 620 903 sucis
643 844 723 902 inter
750 845 925 923 crepitantia
948 851 1099 922 segmenta
1183 855 1185 860 ’

78 932 245 1012 palmatam
274 931 341 1010 plus
370 932 451 1010 picta
478 933 624 1011 oratione,
655 930 723 1010 plus
751 949 840 992 aurea
868 935 1099 995 convenustavit.

79 1021 109 1083 7.
139 1039 197 1100 per
219 1023 318 1100 ipsum
347 1020 409 1080 lere
432 1028 563 1100 tempus,
591 1028 624 1080 ut
651 1019 886 1081 decemviraliter
908 1020 1025 1103 loquar,
1051 1021 1099 1083 lex

80 1111 119 1171 de
145 1111 382 1189 praescriptione
406 1111 546 1169 tricennii
568 1109 666 1170 fuerat
686 1111 891 1190 proquiritata,
922 1112 1007 1171 cuius
1030 1129 1139 1190 per-10

77 1200 241 1278 emptoriis
264 1197 371 1259 abolita
393 1197 523 1259 rubricis
541 1198 578 1258 lis
598 1200 694 1258 omnis
714 1200 745 1258 in
764 1205 880 1259 sextum
898 1205 993 1259 tracta
1011 1202 1096 1278 quin·

76 1289 243 1368 quennium
265 1286 488 1348 terminabatur.
524 1288 603 1348 hanc
625 1289 704 1347 intra
727 1285 836 1347 Gallias
859 1293 927 1347 ante
950 1290 1096 1349 nescitam

76 1380 207 1458 primus,
240 1394 328 1455 quem
359 1375 523 1457 loquimur,
560 1383 660 1436 orator
691 1375 800 1436 indidit
830 1375 1094 1455 prosecutionibus

76 1467 171 1527 edidit
193 1464 407 1546 tribunalibus,
433 1465 566 1544 prodidit
591 1463 725 1544 partibus
754 1463 866 1525 addidit
893 1464 1004 1545 titulis,
1032 1465 1092 1526 fre-

76 1562 187 1635 quente
220 1564 368 1616 conventu
399 1572 466 1614 raro
499 1554 634 1635 sedente,
665 1555 769 1633 paucis
802 1555 958 1613 sententiis
987 1553 1089 1616 multis
1104 1571 1130 1613 15

76 1643 222 1705 laudibus
269 1641 298 1706 8.
321 1649 440 1723 praeter
462 1644 519 1703 ista
541 1661 596 1722 per
618 1642 690 1703 alias
713 1644 793 1703 vices
816 1641 982 1703 doctrinam
1001 1642 1099 1726 illius,

76 1751 134 1812 quo
157 1750 241 1792 more
265 1734 354 1793 citius
375 1731 464 1792 homo
488 1731 621 1812 discitur,
643 1730 850 1792 inobservatus
873 1733 991 1811 inspexi
1009 1738 1091 1815 tunc,

76 1840 145 1883 cum
177 1839 252 1900 quae
285 1823 363 1899 regit
393 1822 560 1899 provincias
593 1819 723 1881 fascibus
751 1819 904 1880 Nicetiano
933 1828 1091 1900 regeretur

76 1916 261 1990 praefectura
294 1907 432 1970 consilio:
474 1909 545 1987 quid
573 1906 686 1969 multa?
717 1908 760 1968 nil
793 1909 872 1988 quod
902 1927 962 1970 non
990 1928 1090 1971 meum

76 1999 190 2079 vellem,
212 1998 256 2059 nil
279 1998 356 2077 quod
380 2015 440 2058 non
463 1997 635 2079 admirarer,
660 1998 766 2059 audivi.
813 1995 842 2059 9.
866 2005 989 2077 propter
1013 2019 1088 2079 quae
1103 2018 1130 2058 so

76 2090 173 2149 omnia
194 2087 273 2149 bona
295 2090 327 2147 in
350 2089 412 2147 viro
432 2088 488 2148 sita
506 2086 600 2147 laetor
619 2086 654 2146 ad
672 2094 782 2166 puncta
800 2090 935 2148 censoris
956 2091 1089 2150 omnium

76 2195 143 2238 voce
167 2175 374 2238 concelebrati.
411 2176 562 2255 granditer
585 2178 665 2237 enim
689 2195 741 2236 sua
764 2178 795 2236 in
817 2178 961 2236 utramvis
980 2176 1016 2236 de
1035 2194 1083 2237 me

75 2269 240 2343 opinionem
263 2267 411 2326 sententia
433 2265 521 2345 valet,
545 2284 630 2344 qnae,
653 2268 679 2325 si
697 2283 767 2325 vera
786 2267 995 2344 comperimus,
1019 2275 1088 2325 tan-

76 2360 135 2414 tum
155 2355 230 2416 mihi
257 2361 303 2416 est
330 2354 431 2415 favens
459 2356 626 2435 securitati,
654 2360 796 2434 quantum
822 2353 907 2413 fieret
930 2353 1086 2414 adversata

79 2439 230 2505 formidini.
268 2443 305 2504 de
329 2450 429 2504 cetero
453 2443 543 2503 fixum
567 2443 644 2523 apud
668 2461 716 2503 me
740 2449 796 2503 stat
819 2443 1082 2522 constitutumque,
1097 2458 1124 2499 ss

83 2540 157 2604 prout
179 2551 244 2594 rem
267 2551 304 2593 ex
327 2551 393 2594 asse
417 2550 591 2612 cognovero,
616 2531 662 2592 vel
686 2531 803 2592 silentio
827 2529 890 2589 lora
913 2528 1012 2590 laxare
1035 2529 1082 2590 vel

84 2621 216 2702 stringere
240 2621 323 2682 irena
350 2624 483 2700 garritui.
529 2639 655 2700 namque
684 2623 710 2680 si
733 2619 897 2698 supradicti
921 2619 1082 2679 confirmor

86 2718 209 2792 assensu,
236 2711 360 2772 Athenis
383 2709 545 2791 loquacior,
573 2712 600 2769 si
622 2711 734 2790 minus,
761 2707 889 2787 Amyclis
918 2709 992 2786 ipsis
1015 2709 1087 2768 taci-

83 2792 183 2860 iunior
211 2818 271 2860 aro.
319 2797 369 2861 10.
393 2798 445 2859 sed
472 2799 509 2859 de
538 2797 631 2859 sodali
658 2797 754 2876 deque
782 2815 829 2857 me
858 2798 930 2856 satis
958 2796 1081 2857 dictum.

81 2879 104 2936 ²¹¹
133 2906 210 2949 nunc
240 2891 318 2949 inter
346 2891 403 2949 ista
434 2888 505 2966 qnid
535 2883 657 2948 rerum?
702 2905 775 2965 quas
807 2886 882 2946 mihi
914 2885 950 2946 ad
983 2888 1078 2946 vicem
1092 2904 1119 2944 so

76 2976 157 3038 ¹losse
179 2995 240 3037 non
262 2979 361 3037 minus
390 2976 480 3038 cordi.
525 2978 656 3055 venaris,
683 2975 833 3055 aedificas,
861 2973 1080 3037 rusticarisne?

76 3064 103 3113 ΒΗ
127 3065 234 3128 horum
257 3065 368 3144 aliquid
391 3062 507 3126 unum?
531 3084 569 3125 an
593 3063 707 3143 singula
730 3061 884 3124 vicissim?
907 3082 945 3124 an
967 3067 1080 3143 pariter

76 3151 195 3214 *uncta‘t
232 3155 284 3215 sed
312 3154 349 3214 de
371 3153 504 3214 Vitruvio
533 3156 593 3214 sive
622 3152 796 3235 Columella,
824 3171 878 3214 seu
905 3152 1082 3214 alterutrum

76 3284 181 3378 ,ῚΟΤΙΙ
196 3311 210 3359 1
230 3305 386 3375 conspicati
400 3306 551 3362 Mommsen
564 3309 603 3376 113
623 3305 736 3360 erubuit
752 3305 794 3377 011
811 3313 842 3360 12
863 3308 929 3361 ante
943 3305 1081 3360 nescitam

76 3365 137 3430 ’Μ
141 3379 172 3448 Τ,
190 3376 237 3432 vel
256 3393 328 3431 anne
348 3376 435 3431 sciam
453 3395 473 3435 s.
493 3380 510 3434 l.
530 3380 594 3433 cdd.
615 3378 654 3432 M
658 3378 676 3445 ¹,
702 3393 738 3430 an
756 3377 883 3432 nesciam
903 3377 927 3432 0
937 3381 947 3447 ΙΙ
961 3385 993 3432 21
1014 3375 1081 3448 sita]

79 3432 124 3500 ta
133 3450 160 3504 L
172 3451 182 3519 n
195 3455 231 3504 st
246 3449 396 3503 adversata
405 3449 470 3518 LV,
489 3449 632 3505 adversa*
643 3449 700 3519 M¹,
721 3449 841 3504 adversa
851 3451 880 3503 N
886 3449 909 3504 G
914 3450 938 3503 Τ
949 3451 1012 3517 t‘tb
1026 3454 1093 3499 onte

76 3517 128 3574 *ka
146 3522 195 3594 leq.
214 3536 260 3576 me
278 3521 310 3575 in
323 3520 363 3574 M
364 3519 420 3576 OT
431 3527 459 3577 et
474 3538 495 3578 a.
511 3522 528 3578 l.
544 3522 611 3580 add.
627 3522 669 3581 Νι
684 3523 698 3597 tt
710 3527 745 3581 33
766 3524 875 3580 cuncta
888 3521 964 3589 NT,
981 3514 1117 3572 cunctim

899 3609 959 3668 Ὠ*
