2414 3864
144 114 207 178 118
500 113 610 169 LIBER
628 115 795 181 QUINTUS.

142 265 260 326 dentiae
288 263 460 325 salubritate
488 271 649 344 contraque
680 264 749 326 lites
782 267 998 349 iurgiosorum‚
1030 270 1055 328 si
1079 269 1201 346 qune

142 360 307 434 moventur,
329 353 515 432 pactionibus
535 354 666 435 consule,
687 362 790 415 contra
807 355 921 416 tributa
940 355 1119 418 securitatibu
1139 358 1201 417 ἢ

141 462 179 504 ne
203 442 297 504 malus
320 443 408 503 homo
432 442 522 503 rebus
545 442 692 503 bonorum
714 443 761 503 vel
784 444 863 522 quod
886 453 995 507 noceat
1014 445 1060 506 vel
1076 462 1138 524 quo·
1190 426 1201 486 l

142 539 274 613 praestet
303 534 441 593 inveniat.
488 534 519 591 in
548 550 675 614 summa,
708 532 744 593 de
773 533 917 594 Seronato
945 537 991 596 vis
1025 532 1201 613 acciper‘l

116 621 215 700 aquid
240 617 388 682 sentiam?
411 623 503 682 ceteri
526 621 618 700 afiligi
640 639 695 701 per
719 624 957 702 suprascriptum
980 623 1083 685 damno
1101 624 1201 681 iffi*

143 719 260 791 rentur3
283 710 356 770 mihi
379 709 502 771 latronis
527 717 557 770 et
578 710 723 771 beneficia
746 719 885 791 suspecta
909 719 988 774 sunt.
1034 712 1098 774 vale.

609 936 696 1003 XIV.

365 1058 534 1114 SIDONIUS
553 1057 650 1113 APRO
670 1058 739 1114 SUO
758 1059 937 1116 SALUTEM.

211 1170 239 1234 1.
259 1173 395 1234 Calentes
414 1191 493 1234 nunc
511 1181 541 1234 te
559 1172 646 1233 Baiae
666 1180 696 1234 et
715 1171 828 1234 scabris
847 1176 1030 1235 cavernatim
1048 1169 1194 1235 rocula

142 1263 312 1343 pumicibus
331 1281 406 1341 aqua
425 1261 556 1341 sulpuris
576 1270 663 1341 atque
682 1263 825 1324 iecorosis
845 1281 879 1323 ac
892 1260 1179 1343 phthisiscentibn5

103 1369 129 1409 ro
143 1352 290 1432 languidis
314 1350 498 1412 medicabilis
523 1353 638 1431 piscina
662 1348 811 1413 delectat?
852 1369 890 1411 an
913 1352 1041 1414 fortasse
1064 1367 1165 1413 mon*

142 1449 222 1503 tana
251 1441 354 1502 sedes
383 1443 519 1501 circum
546 1439 697 1502 castella
725 1447 755 1502 et
781 1442 813 1501 in
837 1439 974 1519 eligenda
998 1442 1068 1503 sede
1089 1456 1157 1520 per*

142 1531 217 1609 fugii
245 1530 391 1609 quandam
418 1531 529 1609 pateris
557 1549 593 1591 ex
617 1532 816 1591 mimitionum
843 1530 1012 1609 frequentia
1036 1525 1154 1591 difficul‘

143 1616 256 1680 tatem?
292 1619 434 1698 quicquid
453 1618 525 1679 illud
545 1626 600 1701 est,
619 1620 697 1698 qnod
716 1618 764 1679 rel
783 1621 842 1679 otio
861 1617 908 1679 vel
926 1621 1048 1698 negotio
1066 1633 1148 1695 vacas,

143 1710 174 1768 iu
197 1707 303 1769 urbem
325 1715 434 1789 tamen,
457 1710 516 1769 nisi
539 1708 678 1790 fallimur,
701 1710 888 1787 rogationum
911 1708 1146 1789 contemplatione

103 1812 128 1854 1⁵
143 1796 328 1857 revocabere.
378 1794 407 1857 2.
435 1815 560 1876 quarum
587 1796 674 1859 nobis
702 1797 930 1857 sollemnitatem
957 1799 1076 1878 primus
1099 1795 1148 1856 lla·

142 1893 256 1946 mortus
274 1892 359 1964 pater
377 1893 407 1946 et
424 1887 558 1967 pontifex
576 1888 819 1948 reverentissimo
836 1885 982 1967 exemplo,
1000 1886 1150 1947 utilissimo

143 1976 347 2054 experimento
370 1976 483 2036 invenit
505 1977 635 2038 instituit
657 1977 777 2036 invexit.
814 1982 898 2035 erant
922 1975 1046 2053 quidem
1068 1977 1151 2056 prius,

143 2063 222 2144 qnod
252 2063 331 2124 salva
358 2064 428 2125 fidei
454 2083 527 2144 pace
560 2067 599 2126 sit
630 2064 752 2145 dictum,
779 2082 868 2143 vagae
900 2069 1039 2143 tepentes
1070 2064 1152 2124 infre·

143 2161 328 2233 quentesque
350 2164 443 2232 utque
467 2156 511 2215 sio
534 2153 661 2215 dixerim
684 2151 895 2215 oscitabundae
918 2153 1155 2232 supplicationes,

102 2259 129 2300 ro
143 2261 219 2323 quae
252 2261 340 2322 saepe
372 2242 613 2323 interpellantum
646 2243 840 2322 prandiorum
872 2240 1008 2303 obicibus
1043 2243 1156 2304 hebeta-

142 2331 261 2414 bantur,
285 2334 412 2393 maxime
437 2339 487 2393 aut
509 2331 621 2392 imbres
645 2339 696 2392 aut
719 2333 910 2392 serenitatem
933 2329 1159 2412 deprecaturam

144 2422 180 2482 ad
204 2439 286 2501 quas,
309 2429 343 2482 ut
364 2421 407 2481 nil
431 2420 557 2500 amplius
581 2421 686 2500 diuam,
709 2419 800 2499 figulo
818 2421 931 2500 pariter
949 2426 1039 2498 atque
1059 2421 1158 2481 bortu-

144 2509 205 2571 loni
228 2528 288 2571 non
311 2512 443 2590 oportuit
461 2511 629 2571 convenire.
666 2507 695 2572 3.
715 2511 747 2569 in
765 2509 813 2569 his
832 2515 940 2588 autem,
964 2527 1039 2587 quas
1060 2528 1162 2591 supra·

144 2600 221 2659 fatus
249 2617 384 2660 summus
412 2600 550 2660 sacerdos
577 2598 665 2659 nobis
693 2605 723 2659 et
750 2596 874 2677 protulit
901 2598 1015 2676 pariter
1039 2606 1070 2659 et
1093 2617 1162 2660 con-

103 2704 131 2744 sa
144 2687 226 2768 tulit,
253 2690 404 2749 ieiunatur
427 2695 542 2769 oratur,
568 2687 706 2768 psallitur
733 2686 830 2748 fletur.
877 2685 1009 2746 adhaec
1034 2694 1066 2748 te
1089 2688 1166 2750 festa

145 2778 294 2838 cervicum
326 2776 548 2838 humiliatarum
580 2784 611 2837 et
642 2778 824 2837 sternacium
855 2777 965 2835 civium
998 2778 1167 2856 suspiriosa

145 2865 339 2926 contubernia
371 2876 453 2947 pet03
486 2873 529 2947 et,
561 2868 587 2926 si
619 2864 785 2945 spiritalem
815 2866 946 2925 animum
973 2870 1062 2925 tuum
1088 2864 1168 2928 bene

144 2956 262 3035 metior,
284 2954 372 3014 modo
396 2957 484 3016 citius
506 2957 618 3035 venies,
642 2954 759 3034 quando
783 2972 843 3015 nou
865 2953 902 3014 ad
925 2950 1031 3032 epulas
1055 2954 1112 3016 scd
1131 2956 1168 3017 ad

146 3041 282 3104 lacrimas
307 3045 447 3104 evocaris.
484 3043 556 3104 vale.

219 3202 252 3251 10
271 3195 355 3265 Verg.
369 3196 438 3251 Aen
454 3196 487 3265 V,
501 3200 556 3251 440
573 3198 708 3250 montana
725 3195 807 3251 sedet
825 3194 931 3250 circum
947 3193 1082 3252 castolla

217 3266 378 3322 Seelentea
397 3269 555 3324 uteeodd
575 3267 695 3335 Socero,
718 3266 844 3322 odientes
862 3265 1010 3335 LNM',
1036 3267 1171 3325 calenses

151 3339 184 3409 V
202 3338 331 3421 gaientes
349 3337 574 3409 (augmentent)
595 3309 1022 3408 Gltphthisiaontibusssfd’l
1070 3344 1106 3395 ld
1124 3357 1172 3396 re·

143 3383 348 3467 retendisoimo
362 3410 542 3482 Luoobonn
553 3413 614 3483 itt
630 3409 777 3466 hortuloni
791 3409 860 3474 ΕΝ
877 3407 1003 3464 ortuloni
1041 3410 1173 3480 ,horto-

192 3485 244 3555 »Γ
261 3484 399 3543 ortolano
416 3485 479 3555 (ult
495 3492 521 3544 et
534 3491 610 3560 post
619 3501 638 3540 o
652 3485 753 3539 ieros
761 3480 809 3534 bt
810 3450 934 3547 >blm
944 3452 1058 3543 umbo
1069 3481 1134 3536 ΒΝ
1140 3485 1172 3551 Τ
