2414 3864
307 111 474 168 SIDONIUS
493 112 619 168 TURNO
639 111 708 168 SUO
728 113 907 171 SALUTEM.
1048 117 1110 181 101

109 263 252 323 conficeris
281 261 411 343 occulto,
441 262 519 340 quod
543 261 622 323 lilius
647 262 766 342 publico
790 282 925 324 maerore
949 266 1112 326 conficitur.

104 353 150 410 cui
171 353 276 413 iecisse
300 369 348 411 me
372 359 488 412 constat
510 352 672 432 plurimum
693 354 829 433 iniuriae,
853 355 879 412 si
898 360 1048 414 tutamen
1067 354 1113 414 vel

96 453 201 513 parum
224 442 343 520 leceris,
366 459 455 519 quam
478 449 569 522 certe,
591 448 625 502 ut
644 459 741 522 spero,
763 460 824 502 non
847 442 947 523 iacies,
970 444 1029 502 nisi
1048 461 1112 503 sco·

91 527 177 601 pulis
199 531 303 591 durior
327 529 416 590 duras
435 536 486 591 aut
504 529 708 591 adamantibus
727 531 853 609 rigidior
875 549 1049 612 perseveras
1067 533 1113 591 in-

90 619 286 680 secabilibus.
328 615 358 680 3.
382 637 453 698 ergo
482 621 508 679 si
536 620 572 680 de
600 620 733 681 moribus
761 623 822 681 tuis
850 621 946 700 deque
974 622 1114 681 amicitiis
1142 637 1155 678 o

87 703 178 768 iusto
198 707 322 768 meliora
345 726 512 790 praesumo,
540 716 679 770 excusato
702 712 850 788 propitius
873 709 1003 790 indulge,
1027 727 1115 788 quem

84 797 294 858 reconcilians
322 797 384 857 sore
408 796 527 857 lidelem
550 805 720 859 constanter
742 801 775 858 in
797 806 951 879 postemm
975 798 1115 879 spondeo,

84 896 215 964 quoque
239 885 380 946 velociter
403 884 489 966 culpa
513 886 609 947 soluto
633 905 687 966 ego
710 886 855 948 beneficio
879 887 968 969 ligor,
995 905 1115 967 magno

83 985 173 1045 perc
195 975 374 1055 deposcam,
401 993 462 1036 non
484 983 519 1036 ut
541 978 677 1055 ignoscas
701 977 789 1037 modo
813 995 917 1038 verum
939 985 973 1038 ut
996 984 1025 1037 et
1047 995 1115 1057 pro-

82 1057 189 1145 tinus,
211 1071 241 1124 et
264 1071 464 1125 revertentem
487 1083 547 1125 non
570 1064 657 1125 domo
682 1065 778 1126 solum
801 1067 854 1126 sed
878 1073 908 1127 et
925 1073 1046 1145 pectore
1066 1065 1156 1126 ad-1o

82 1151 208 1213 mittas.
246 1153 320 1213 deus
343 1171 463 1234 magne,
492 1172 579 1233 quam
602 1154 697 1215 laetus
720 1156 834 1215 orietur
856 1154 912 1215 tibi
935 1155 1000 1215 dies
1007 1201 1016 1235 ,
1043 1154 1117 1214 mihi

83 1245 233 1324 nuntius,
257 1244 372 1303 animus
395 1241 449 1322 illi,
473 1261 542 1303 cum
563 1246 697 1322 paternis
719 1242 846 1322 pedibus
870 1244 981 1304 affusus
1005 1262 1040 1303 ex
1065 1242 1116 1302 illo

84 1340 157 1389 ore
177 1331 265 1412 laeso,
289 1349 340 1391 ore
363 1330 506 1413 terribili,
529 1332 599 1391 dum
623 1334 789 1392 convicium
814 1338 959 1413 expectat,
982 1330 1117 1392 osculum

84 1419 264 1499 exceperit!
301 1419 372 1481 vale.
490 1435 492 1440 ·

550 1611 668 1677 XXIV.
695 1619 698 1626 “

310 1725 479 1789 SIDONIUS
498 1733 622 1788 TURNO
643 1733 712 1789 SUO
733 1733 911 1789 SALUTEM.
1133 1755 1158 1797 as

174 1844 198 1908 1.
221 1847 301 1910 Rene
324 1850 452 1929 nomini,
480 1848 556 1909 bene
584 1850 703 1926 negotio
731 1856 782 1909 tuo
809 1851 946 1928 congruit
968 1848 1119 1910 Mantuani

96 1926 190 1996 illud:

155 2022 276 2108 Turne,
302 2026 395 2104 quod
419 2028 563 2106 optanti
586 2026 705 2087 divum
727 2026 943 2107 promittere
967 2046 1066 2088 nemo

158 2116 317 2197 auderet,
340 2114 513 2178 volvenda
538 2115 615 2176 dies
639 2135 681 2176 en
704 2116 828 2177 attulit
850 2116 957 2176 ultro.

108 2207 258 2270 pecuniam
282 2211 367 2284 pater
389 2212 458 2265 tuus
477 2204 599 2286 Turpio,
621 2207 667 2265 vir
689 2204 878 2285 tribuniciuS,
901 2211 1034 2265 mutuam
1057 2205 1118 2284 pri·
1133 2219 1160 2258 20

115 2281 189 2372 dem,
219 2296 247 2377 si
271 2293 453 2374 recordariS,
485 2312 502 2353 a
529 2293 656 2354 Maximo
683 2292 816 2354 Palatino
839 2293 998 2373 postulavit
1025 2295 1119 2373 impe·

116 2375 259 2465 tradique,
282 2381 325 2443 nil
349 2381 469 2461 quidem
493 2382 558 2443 loco
581 2382 706 2443 fiduciae
728 2385 920 2462 pignorisque
939 2381 986 2441 vel
1005 2383 1119 2460 argenti

120 2474 294 2543 sequestrans
317 2470 364 2532 vel
387 2470 521 2550 obligans
543 2471 747 2552 praediomm3
775 2471 842 2551 sed,
866 2479 900 2531 ut
922 2469 1118 2550 chirographo

123 2545 186 2616 facto
212 2561 347 2642 docetur,
375 2568 460 2621 cauta
488 2562 649 2621 centesima
678 2568 724 2620 est
746 2561 938 2639 faeneratori,
966 2578 1041 2638 quae
1065 2577 1119 2638 per

122 2630 227 2710 bimae
259 2648 403 2730 producta
435 2656 553 2728 tempus
581 2649 703 2710 modum
731 2651 820 2710 sortis
849 2647 885 2708 ad
918 2648 1040 2727 duplum
1068 2648 1119 2708 ad·
1133 2662 1159 2704 aa

123 2720 198 2822 fluxit.
239 2738 269 2802 2.
298 2738 351 2799 sed
379 2757 447 2799 cum
474 2746 559 2819 pater
587 2746 657 2799 tuus
685 2740 774 2798 morti
801 2740 986 2818 propinquae
1014 2737 1118 2798 morbo

124 2825 293 2914 dormiente
314 2827 522 2888 succumberet
540 2835 628 2906 atque
643 2826 680 2887 ob
699 2827 756 2888 boc
775 2829 874 2906 ipsum
887 2827 1006 2906 publica
1020 2834 1119 2888 aucto-

123 2910 182 2969 flb'is
209 2917 281 2978 male
315 2916 460 2977 valentem
492 2917 735 2995 patremfamilias
767 2916 926 2977 violentius
959 2916 995 2977 ad
1025 2917 1119 2976 refor-

123 3001 242 3066 nandum
270 3004 404 3066 debitum
432 3013 543 3065 artaret
564 3024 620 3065 nec
644 3008 787 3066 sustineri
809 3004 921 3066 valeret
944 3005 1118 3086 improbitas

124 3091 309 3175 extentorum,
344 3094 546 3174 proficiscenti
577 3095 651 3154 mihi
682 3094 820 3155 Tolosam
852 3096 911 3154 iam
944 3094 1118 3174 desperatus
1134 3109 1161 3150 eo

183 3266 212 3317 18
227 3266 311 3336 Verg.
325 3265 394 3320 Aen.
409 3265 455 3335 IX,
472 3272 537 3332 6sq.

184 3339 196 3385 1
212 3354 248 3391 au
261 3336 373 3392 occulto
388 3341 511 3406 angore?
527 3343 531 3404 Ι
548 3335 660 3406 publice
678 3336 721 3406 Ul
734 3343 749 3390 2
764 3354 809 3392 me
823 3335 927 3391 fecisse
942 3335 1035 3406 (ilii
1053 3334 1129 3386 dum

125 3399 259 3461 tondum
278 3410 408 3475 expectet
420 3408 490 3476 ΖΝ,
511 3407 673 3465 convicium
692 3412 852 3484 expectens
867 3409 958 3468 Meu
970 3411 1037 3478 qis
1055 3405 1150 3457 inse.

122 3472 157 3514 om,
168 3471 258 3541 blaa
274 3477 388 3546 duplam
407 3479 449 3534 M
449 3479 477 3536 0
483 3483 496 3552 l!
