2414 3864
149 160 214 224 158
495 157 604 212 LIBER
621 158 807 214 SEPTIMUS.

33 382 37 388 ᾗ
147 311 242 389 ipsius
261 315 312 369 aut
324 307 473 369 cathedris
488 314 539 369 aut
555 306 755 369 tribunalibus
772 307 998 393 praesederunt
1025 307 1154 369 inlustris

61 466 65 473 ,
146 400 179 458 in
201 404 326 476 utraque
350 399 573 458 conversatione
596 399 733 476 prosapia
755 403 805 458 aut
823 399 974 477 episcopis
992 395 1095 458 floruit
1110 402 1154 457 ant

53 479 56 485 ’
146 487 318 567 praelectis:
350 489 391 547 ita
424 503 543 565 semper
572 485 697 546 huiusce
724 484 887 546 maioribus
915 492 968 547 aut
998 485 1151 547 humanum

146 582 197 636 aut
219 575 351 637 divinum
375 575 487 635 dictare
510 577 557 635 ius
581 576 650 635 usui
671 575 736 635 fuit.
784 571 833 637 18.
858 576 885 634 si
906 592 980 639 vero
1002 591 1150 654 personam

120 678 133 722 a
147 683 232 725 suam
244 671 372 725 tractatu
386 662 591 724 consiliosiore
606 681 775 744 pensemus,
793 665 963 724 invenimus
977 681 1045 725 eam
1057 671 1148 725 tenere

145 755 214 813 istic
241 755 320 814 inter
348 750 524 831 spectabiles
551 754 719 831 prinoipem
741 751 848 814 locum.
894 752 947 813 sed
970 751 1072 814 dicitis
1093 754 1146 813 iure

144 841 325 902 Eucherium
344 847 374 901 et
386 840 588 920 Pannychium
601 835 744 902 inlustres
757 840 862 902 haberi
876 843 1063 920 superiores:
1080 837 1143 920 quod

143 929 287 990 hactenus
315 948 367 990 eos
395 937 458 990 esto
481 935 621 1010 putatos,¹
641 930 693 991 sed
715 938 904 1008 praesentem
928 932 991 991 iam
1013 925 1143 991 modoad

145 1037 264 1079 causam
287 1017 331 1078 illi
354 1037 390 1079 ex
414 1036 525 1079 canone
548 1036 609 1078 non
632 1021 839 1100 requiruntur,
855 1021 920 1098 ·qui
942 1018 1031 1080 ambo
1053 1018 1088 1080 ad
1108 1033 1140 1078 se

106 1127 131 1167 1o
145 1107 256 1168 cundas
280 1109 398 1187 nuptias
423 1109 614 1168 transierunt.
661 1109 688 1168 si
709 1126 803 1169 annos
824 1109 921 1187 ipsius
944 1115 1140 1188 computemus,

130 1195 233 1258 habet
256 1196 417 1281 efficaciam
440 1197 476 1257 de
499 1198 662 1277 iuventute,
685 1196 721 1257 de
736 1203 898 1258 'senectute
922 1197 1089 1259 consilium.
1121 1192 1141 1252 ti

143 1282 258 1346 litteras
281 1285 327 1346 vel
351 1287 503 1364 ingenium
526 1285 728 1366 conteramus,
751 1292 845 1347 certat
867 1292 974 1346 natura
998 1286 1142 1348 doctrinae·

146 1371 195 1435 19.
220 1377 247 1435 si
275 1374 442 1436 humanitas
469 1374 650 1453 requirenda
677 1381 735 1456 est,
768 1376 825 1435 ciri
852 1374 962 1435 clerico
990 1375 1148 1455 peregrino,

143 1465 266 1524 minimo
289 1466 487 1543 maximoque,
514 1465 604 1523 etiam
628 1481 717 1543 supra
741 1463 949 1525 sufficientiam
973 1465 1103 1545 offertur,
1123 1459 1151 1517 θῑ

104 1571 130 1612 15
144 1571 231 1614 suum
255 1555 385 1632 saepius·
396 1570 503 1631 panem
526 1550 576 1612 ille
599 1554 708 1632 potius,
732 1555 866 1631 quinon
889 1559 954 1614 erat
975 1553 1154 1621 redditurus,

143 1643 268 1720 agnovit.
306 1644 333 1702 si
355 1644 519 1702 necessitas
542 1641 728 1720 arripiendae
752 1640 908 1720 legationis
927 1640 1074 1723 incubuit,
1094 1645 1157 1702 non
1203 1700 1205 1707 .

142 1729 192 1791 ille
221 1729 313 1790 semel
339 1748 393 1808 pro
421 1729 475 1791 hac
504 1731 621 1790 civitate
650 1731 732 1790 stetit
759 1729 806 1791 vel
833 1738 900 1791 aute
927 1729 1049 1809 pellitos
1070 1732 1159 1808 regits

142 1818 189 1878 vel
212 1826 279 1879 ante
302 1819 454 1897 principes
476 1825 665 1899 purpuratos.
697 1821 724 1878 si
742 1818 911 1899 ambigitur,
935 1837 994 1898 quo
1013 1821 1161 1898 magistr⁰

89 1959 93 1967 .
143 1906 321 1967 rudimentis
348 1907 419 1967 fidei
446 1907 536 1968 fuerit
559 1906 704 1968 imbutus:
731 1915 766 1968 ut
791 1905 1020 1987 proverbialiter
1042 1907 1164 1987 loquar,

102 1995 237 2055 sodomi
268 1994 393 2056 habuit
424 1996 516 2056 unde
547 1996 719 2056 disceret.
766 1994 817 2058 20.
844 2003 997 2076 postremo
1025 1999 1084 2058 iste
1109 1986 1166 2056 esi

142 2083 206 2164 ille,
238 2086 398 2164 carissimi,
430 2088 479 2145 cui
510 2087 541 2145 in
573 2084 707 2145 tenebris
734 2084 966 2164 ergastularibus
994 2086 1167 2147 constituto

142 2172 347 2256 multipliciter
369 2173 679 2234 obserata'barharici
706 2177 835 2235 carceris
862 2174 1005 2235 divinitus
1028 2173 1169 2236 claustra

142 2270 310 2342 patuerunt.
355 2264 459 2344 istum,
486 2269 521 2323 ut
543 2263 721 2344 audivimus,
749 2270 809 2323 tam
833 2281 937 2324 socero
960 2280 1051 2342 quam
1072 2265 1170 2343 patro

142 2354 316 2431 postpositis
348 2352 384 2412 ad
412 2352 611 2412 sacerdotium
638 2352 708 2413 duci
737 2359 874 2430 oportere
900 2347 1171 2418 vociferabaminii

14 2463 24 2480 ·›
102 2459 128 2500 25
143 2458 201 2520 quo
234 2440 363 2520 quidem·
385 2448 519 2520 tempore
551 2439 713 2519 plurimum
749 2440 844 2502 laudis
877 2441 999 2503 domum
1030 2439 1172 2509 rettulit»

143 2529 260 2608 quando
282 2529 423 2590 honorari
446 2536 603 2608 parentum
624 2528 728 2590 maluit
751 2530 893 2609 dignitate
916 2547 1007 2609 quam
1024 2531 1169 2610 propria»

143 2615 194 2678 21.
213 2636 306 2697 paene
325 2620 511 2699 transieram,
534 2617 612 2697 quod
631 2620 789 2696 praeteriri
806 2637 867 2679 nou
886 2625 1068 2698 oportuerat
1100 2610 1173 2681 sub

94 2734 101 2747 ·
141 2705 241 2787 Moyse
265 2707 426 2788 quondam,
450 2709 528 2768 sicut
550 2705 793 2786 psalmographus
816 2710 870 2790 ait,
893 2710 925 2769 iu
948 2708 1056 2769 diebus
1079 2708 1170 2769 anti‘

143 2797 219 2876 quis,
237 2803 271 2857 ut
288 2795 472 2856 tabernaculi
489 2795 618 2856 foederis
638 2796 731 2856 torma
747 2804 950 2878 consurgeret,
968 2803 1049 2859 totus
1063 2780 1176 2858 lsrael

101 2902 128 2942 oo
142 2884 174 2943 in
191 2884 313 2944 heremo
328 2893 395 2945 ante
409 2883 589 2945 Beselehelis
605 2885 696 2963 pedes
711 2884 842 2946 oblaticii
856 2884 1020 2966 symbolam
1037 2899 1177 2947 coacer‘

184 3030 190 3045 ·
214 3023 248 3071 20
271 3018 381 3074 Terent.
400 3018 521 3090 Adelph.
538 3020 590 3088 111,
610 3025 640 3089 3,
659 3025 692 3074 59
712 3022 794 3090 (413).
876 3024 910 3074 28
933 3019 1038 3076 Pselm.
1057 3027 1105 3089 4⁸,
1122 3024 1177 3074 23

142 3087 386 3159 Exod.36‚1sqq.
415 3113 431 3147 ο

214 3167 228 3214 1
247 3159 277 3214 iu
296 3163 415 3230 utraque
433 3160 553 3216 illustris
573 3162 646 3231 0116
664 3161 821 3231 principem
838 3161 866 3215 L
883 3168 909 3217 et
927 3167 1008 3230 (corr.
1027 3164 1060 3218 in
1076 3161 1183 3232 prin‘

236 3232 333 3358 uo
353 3218 1184 3374 ,¹u<>0

126 3319 246 3443 ο(ντθοεεθε.
271 3346 376 3430 lsodd
395 3347 496 3445 ituit,
523 3391 588 3429 vero
615 3375 646 3444 0,
675 3346 826 3444 spectabili
852 3373 913 3430 riro
937 3348 1118 3433 hiumam
1158 3364 1169 3430 l

42 3510 45 3515 Ι
143 3449 175 3498 17
194 3445 240 3500 rel
253 3451 317 3516 post
335 3445 417 3501 stetit
430 3463 480 3502 om.
495 3447 529 3501 N
531 3447 570 3500 M
571 3446 623 3501 OT
637 3450 641 3514 Ι
658 3450 723 3501 ante
739 3446 853 3516 pellitos
871 3463 953 3518 reges
966 3464 988 3504 s.
1003 3449 1022 3504 l.
1037 3447 1099 3505 aad.
1157 3497 1178 3512 ,

126 3517 147 3587 l'
160 3522 197 3572 30
214 3517 374 3589 symbolam
390 3518 426 3591 L,
447 3517 603 3574 simbolum
622 3519 680 3589 (ted
696 3535 748 3572 um
763 3520 797 3573 io
812 3536 869 3574 rus.
883 3518 1044 3588 N¹JNMO,
1061 3516 1184 3574 oblati*
