2414 3864
131 171 195 236 208
508 169 617 224 LIBER
635 168 767 226 NONUS.

131 322 280 399 geminare
314 337 382 379 cum
414 318 541 399 quadam
572 321 681 380 mentis
714 309 880 381 intentione
918 319 1074 402 dehemus,
1100 337 1128 380 ne

131 410 207 470 forte
230 408 365 468 videatur
387 410 451 488 ipse
475 406 543 487 plus
566 407 681 470 litteras
705 426 741 469 ex
763 426 847 468 more
870 407 1036 488 deposcere
1058 427 1129 489 quan

131 517 185 558 nos
209 517 246 558 ex
270 515 369 558 amore
397 497 524 578 dictare,
556 496 676 559 domine
702 514 792 578 papa3
824 496 954 577 ideoque
982 506 1130 560 vestronm

131 587 198 666 plns
222 593 411 667 mementote,
434 604 509 665 quos
532 588 612 647 inter
634 588 853 666 praesumimus
876 590 1058 668 computari,
1081 588 1130 666 qui·

105 694 206 757 sque,
234 678 312 736 sicut
335 677 441 735 vestris
466 677 609 754 erigimur
632 674 785 756 secundis,
813 677 855 735 ita
878 674 1074 755 deprimimur
1093 675 1130 736 ad·

131 767 236 826 versis.
274 762 303 824 2.
322 781 391 824 nam
406 764 484 843 quod
498 783 595 843 nuper
609 766 816 843 quorumpiam
830 764 959 826 fratrum
972 767 1130 827 necessitate

132 853 241 914 multos
274 852 458 932 pertuleritis
497 871 636 934 angores,
673 852 766 914 flebili
797 852 834 913 ad
866 853 975 915 flentcs
1007 855 1130 915 relatione

132 943 276 1022 pervenit.
322 942 375 1002 sed
412 949 458 1023 tu,
495 942 550 1002 flos
588 941 776 1003 sacerdotum
813 960 930 1021 gemma
966 944 1131 1022 pontificum,

133 1033 257 1091 scientia
285 1031 370 1091 fortis
398 1031 505 1092 fortior
534 1033 728 1112 conscientia,
757 1033 853 1091 minas
880 1031 1037 1112 undasque
1062 1048 1131 1092 mun·

94 1138 120 1178 ιο
135 1118 258 1180 dialium
282 1136 389 1200 sperne
412 1120 595 1201 nimborum,
626 1122 694 1199 qnia
721 1120 896 1198 frequenter
923 1123 991 1200 ipse
1015 1120 1130 1198 docuisti,

134 1210 212 1288 qnod
241 1208 276 1269 ad
304 1211 450 1288 promissa
478 1211 610 1270 convivia
638 1209 873 1288 patriarcharum
905 1208 953 1270 vel
981 1209 1018 1271 ad
1047 1216 1130 1270 nectar

133 1297 306 1359 caelestium
325 1298 501 1376 poculorum
521 1316 576 1378 per
590 1297 822 1360 amaritudinum
836 1306 1028 1360 terrenarum
1041 1298 1129 1360 calices

133 1389 348 1466 perveniretur.
380 1385 409 1449 3.
433 1386 507 1448 velis
530 1387 616 1469 nolis,
640 1390 765 1467 quisque
789 1390 953 1468 contempti
976 1387 1128 1450 mediatoris

134 1478 328 1556 consequitur
360 1494 498 1558 regnum,
535 1479 671 1555 sequitur
709 1475 886 1556 exemplum.
933 1474 1129 1556 quantumlibet

93 1564 221 1626 15110his
244 1567 425 1626 anxietatum
443 1573 560 1645 pateras
584 1568 658 1626 vitae
677 1567 844 1645 praesentis
861 1567 1003 1645 propinet
1020 1565 1129 1642 afilictio,

133 1673 222 1734 parva
245 1653 415 1736 toleramus,
434 1657 461 1715 si
479 1654 680 1735 recordamur,
700 1655 771 1733 quid
789 1653 901 1715 biberit
920 1655 957 1715 ad
975 1653 1128 1734 patibulum,

135 1746 186 1822 qui
209 1745 314 1803 invitat
337 1743 372 1804 ad
401 1742 523 1805 caelum.
570 1761 685 1803 memor
710 1745 808 1804 nostri
837 1760 904 1804 esse
933 1743 1068 1826 dignare,
1091 1741 1128 1801 do

135 1834 216 1892 mine
240 1850 323 1910 papa.

623 2041 663 2107 V·
1163 2094 1165 2119 ;

226 2161 393 2217 SIDONIUS
412 2162 555 2218 DOMINO
573 2163 692 2218 PAPAE
710 2162 861 2219 IULIANO
882 2163 1059 2221 SALUTEM.
1163 2176 1165 2239 ζ

96 2295 122 2334 ao
205 2274 233 2338 1,
257 2275 321 2336 Etsi
344 2276 512 2355 plusculum
531 2277 607 2338 forte
631 2276 768 2358 discreta,
792 2295 880 2357 qnam
904 2279 1066 2339 communis
1081 2273 1127 2334 ani·
1162 2274 1165 2287 “

135 2385 203 2426 mus
227 2364 359 2446 optabat,
393 2366 461 2425 sede
486 2368 690 2447 consistimus,
713 2385 773 2427 non
796 2374 895 2427 tamen
919 2367 1013 2429 medii
1033 2363 1127 2427 itineris

137 2456 269 2536 obiectu,
302 2462 445 2534 quantum
468 2453 504 2515 ad
533 2454 706 2516 solvendum
739 2462 853 2535 spectat
881 2456 1028 2538 officium,
1048 2459 1127 2517 nostra

138 2544 279 2605 sedulitas
303 2543 513 2624 impediretur,
545 2546 605 2605 nisi
628 2543 706 2623 quod
729 2562 784 2624 per
806 2562 897 2622 regna
922 2545 1012 2607 divisi
1033 2565 1048 2606 a
1067 2556 1126 2604 con·

138 2636 250 2694 mercio
286 2634 488 2712 frequentiore
527 2636 673 2694 sermonis
705 2632 890 2694 diversarum
928 2637 1052 2696 sortium
1077 2633 1125 2690 iure

97 2739 123 2780 25
138 2741 324 2803 revocamur,
348 2741 423 2801 quae
446 2740 525 2782 nunc
550 2721 648 2782 saltim
671 2730 739 2801 post
760 2725 842 2804 pacis
861 2725 967 2784 initam
985 2724 1125 2804 pactionem

139 2814 208 2889 quia
230 2810 367 2872 fidelibus
387 2813 493 2872 animis
512 2811 753 2893 foederabuntur,
771 2814 871 2891 apices
890 2815 988 2873 nostri
1005 2807 1123 2888 incipient

139 2918 304 2960 commeare
320 2899 430 2982 crebri,
437 2902 576 2979 quoniam
591 2908 709 2961 cessant
723 2918 788 2962 esse
804 2902 944 2980 suspecti
968 2899 998 2962 2.
1016 2893 1123 2980 proinde,

139 2988 257 3048 domine
290 3008 377 3069 papa,
410 3008 478 3050 oum
506 2992 702 3051 sacrosanctis
734 2989 876 3050 fratribus
903 2992 1012 3050 vestris
1037 2985 1123 3068 parites

139 3075 257 3136 Christo
282 3077 498 3157 supplicaturas
522 3081 635 3156 iungite
658 3097 777 3160 preces,
809 3085 843 3138 ut
869 3077 1006 3157 dignatus
1028 3084 1121 3157 prospe·

212 3323 228 3371 3
247 3316 368 3386 ideoque
386 3318 421 3387 L,
440 3317 505 3374 ideo
523 3321 604 3384 (corr.
624 3321 656 3373 e'u
673 3319 704 3372 in
723 3320 775 3374 deo
794 3319 956 3388 MDMOT
973 3323 984 3390 l
1003 3324 1018 3374 ὁ
1035 3315 1068 3371 sio
1081 3304 1117 3370 ll

139 3391 182 3444 aa
201 3387 385 3459 deprimimur
403 3406 452 3446 om.
468 3391 517 3460 up
537 3395 570 3444 14
588 3391 781 3458 quantaslibet
801 3392 825 3447 e
842 3393 852 3462 p
875 3397 908 3446 1o
928 3388 1082 3447 reeornmur
1094 3374 1118 3440 l,

139 3465 158 3516 i.
178 3480 198 3518 e.
218 3460 404 3530 recordemur,
424 3461 816 3534 fort.reete1123nisi]non
836 3462 860 3518 d
878 3467 888 3533 11
910 3469 946 3518 ‘24
963 3450 1116 3530 frequentiori

128 3535 174 3605 M,
197 3535 243 3592 rel
261 3533 302 3591 ris
322 3552 342 3593 s.
363 3535 382 3592 l.
403 3535 469 3592 adel.
486 3534 534 3592 Μ1
547 3537 607 3606 ll‘lS
627 3533 836 3604 supplicaturas
850 3533 961 3588 S‘nrisiu
977 3533 1048 3597 Off
