2414 3864
133 159 199 224 222
508 160 617 215 nonna
635 125 768 220 nouus,
803 171 806 177 ¹

134 318 294 388 grammata
316 313 448 371 recentia
466 310 554 370 modo
573 310 653 371 nulla
672 310 799 391 dictabo,
818 313 859 371 ita
877 311 1002 393 litteras,
1021 314 1043 372 si
1058 324 1101 388 quo

133 398 272 460 iacebunt
304 418 392 460 versu
425 400 566 480 refertae,
608 399 723 460 seilicet
755 407 823 459 ante
855 403 1021 479 praesentis
1048 397 1101 459 olioi

43 490 46 491 ⁷
132 491 349 569 necessitatem,
368 490 483 549 mittam
501 487 567 569 tibi,
585 496 699 570 petens,
717 507 754 549 ne
773 495 807 548 tu
821 491 863 548 sis
878 497 1002 551 eatenus
1014 488 1101 550 iustitia

132 579 358 658 praevaricator,
381 584 414 637 ut
432 596 479 638 me
499 580 630 656 opineris
649 595 810 657 numquam
830 577 866 637 ab
886 578 1050 639 huiusmodi
1064 592 1101 637 con

105 678 118 718 5
134 668 294 750 scriptione
318 673 560 746 temperaturum.
597 685 694 746 neque
714 667 794 726 enim
813 667 955 746 suffragio
979 675 1026 728 tuo
1041 668 1101 726 minu

69 823 71 827 y
133 773 249 836 augear,
271 755 299 815 'si
322 756 398 815 forte
421 755 554 833 digneris
573 758 632 815 iam
650 755 823 817 modestum,
836 757 938 834 potius
959 775 1041 836 quam
1059 756 1101 814 laec

132 851 195 904 tum
219 839 311 924 <me>
334 846 511 904 existimare.
548 845 620 905 vale.

594 1068 683 1134 XHI.

310 1152 478 1270 ennomus
496 1189 684 1254 roununro
704 1191 773 1247 suo
794 1177 974 1250 2222222.

200 1303 228 1366 1.
260 1305 313 1365 Est
341 1306 475 1386 quidem,
502 1305 609 1386 fateor,
641 1301 776 1366 versibu's
809 1308 885 1366 meis
917 1309 1057 1367 sententia
1082 1311 1101 1363 tu

92 1406 118 1446 1⁰
131 1402 192 1455 tam
214 1393 380 1474 plausibilis
404 1394 483 1475 olim,
507 1401 567 1454 tam
590 1393 768 1475 favorabilis
786 1401 820 1454 nt
837 1402 996 1474 poetarum
1013 1413 1055 1456 me
1071 1391 1101 1472 pl

130 1482 245 1563 busque
269 1483 439 1544 lectissimis
463 1483 692 1562 comparandum
715 1491 811 1564 putee,
835 1491 917 1544 certe
941 1482 1102 1565 compluribu

131 1573 378 1652 anteponendum.
415 1573 579 1633 crederem
601 1572 669 1653 tibi,
694 1575 721 1633 si
743 1591 817 1653 non,
848 1580 882 1633 ut
904 1573 1030 1635 multum
1051 1571 1101 1650 sapi

131 1664 171 1722 ita
191 1680 308 1742 quoque
326 1661 452 1724 multum
472 1680 519 1722 mc
538 1679 660 1723 amares.
688 1662 758 1722 binc
777 1668 823 1740 est
842 1662 921 1740 quod
946 1663 984 1724 de
1006 1659 1101 1723 laudibu

130 1753 206 1811 meis
221 1754 328 1811 caritas
343 1759 393 1811 tua
408 1753 530 1811 mentiri
544 1757 642 1830 potest
655 1769 711 1811 233
725 1743 829 1830 potest
837 1750 949 1812 fallere.
983 1750 1011 1812 2.
1024 1754 1101 1830 praete

90 1850 116 1891 15
130 1839 186 1900 hoc
209 1842 318 1921 poscis,
341 1847 374 1901 ut
391 1839 551 1900 Horatiana
573 1835 681 1900 incude
700 1840 842 1899 formatos
861 1838 1063 1920 Asclepiadeos
1077 1833 1101 1896 til

84 1944 88 1952 ·
131 1931 294 2009 quospiam,
318 1928 425 2008 quibus
449 1930 528 1989 inter
546 1928 709 1989 bibendum
726 1928 956 2007 pronuntiandis
977 1939 1101 1990 32323332

5 2078 21 2105 ,
129 2019 336 2079 transmittam.
381 2036 471 2096 pareo
504 2019 662 2104 iniunctis,
694 2017 776 2098 licet,
809 2019 836 2077 si
866 2036 1022 2099 umquam,
1049 2011 1101 2076 mod

129 2108 256 2166 maxime
279 2109 413 2186 prosario
437 2106 578 2186 loquendi
600 2124 708 2185 genere
733 2106 887 2167 districtus
911 2114 1101 2186 occupatusque

129 2195 258 2274 denique
280 2195 420 2274 probabis
448 2197 527 2255 circa
559 2213 613 2255 nos
640 2193 768 2273 plurima
796 2213 832 2254 ex
864 2202 949 2274 parte
978 2202 1101 2256 metrorun

88 2296 113 2336 2⁰
129 2284 225 2345 studia
248 2285 458 2364 refrigescere3
485 2302 544 2344 non
574 2287 654 2344 enim
677 2291 848 2363 promptum
872 2291 919 2345 est
946 2303 1036 2346 unum
1059 2293 1099 2340 cun

127 2373 252 2452 demque
276 2372 369 2452 probe
393 2373 490 2433 133323
514 2371 624 2452 aliquid
648 2379 678 2432 et
700 2391 777 2432 raro.

325 2497 387 2557 Iam
406 2497 520 2557 'dudum
543 2480 653 2557 t‘e'retes
677 2496 938 2576 hendecasyllabos

281 2588 382 2646 attrito
407 2585 525 2645 calamis
548 2585 655 2664 pollice
679 2585 818 2667 lusimus,

130 2709 134 2721 ·
219 2676 223 2685 '
282 2693 356 2754 quos
380 2681 499 2735 cantare
522 2677 617 2753 magis
640 2693 694 2753 pro
719 2674 928 2736 choriambicis

281 2781 405 2824 excusso
428 2771 547 2849 poteras
570 2762 710 2824 mobilius
732 2764 822 2846 pede3

240 2864 255 2918 5
280 2853 332 2912 sed
355 2859 388 2913 tu
411 2871 465 2931 per
488 2851 606 2913 Calabri
628 2855 756 2913 tramitis
780 2853 919 2932 aggerem

279 2943 324 3001 vis
347 2950 381 3001 ut
403 2948 505 3001 nostra
528 2941 636 3002 dehinc
660 2944 784 3002 cursitet
808 2941 918 3023 orbita,

280 3049 337 3109 qua
359 3029 482 3090 Flaccus
506 3028 614 3110 lyricos
637 3030 826 3091 Pindaricum
850 3032 886 3091 ad
909 3029 1002 3092 melos

279 3119 371 3179 irenis
395 3119 479 3179 flexit
502 3137 595 3198 equos
618 3119 896 3199 plectripotentibus
902 3167 912 3202 ,

280 3208 351 3268 dum
373 3215 468 3269 metro
493 3211 624 3288 quatitur
648 3208 757 3268 chorda
780 3208 936 3288 Glyconio,
1043 3256 1048 3268 .

195 3385 211 3433 6
230 3395 263 3433 eac
281 3378 405 3432 facetum
429 3381 460 3434 io
482 3396 536 3436 223.
557 3381 606 3451 lep.
626 3381 719 3434 coium
737 3381 769 3435 io
786 3381 843 3449 M1,
866 3382 898 3434 bu
916 3382 948 3435 in
967 3378 1001 3435 0¹
1021 3378 1029 3446 l
1048 3375 1101 3424 inl

123 3451 231 3519 addidi,
249 3467 299 3506 om.
319 3452 395 3506 codd.
417 3454 426 3521 ΙΙ
451 3457 481 3504 11
502 3450 734 3519 quamplurimis
755 3450 784 3521 0,
802 3451 848 3505 vel
867 3449 1048 3522 compluribus
1063 3433 1101 3495 tl

113 3523 179 3580 auu
199 3523 234 3580 0¹
245 3526 258 3598 ss
271 3529 306 3580 17
325 3521 396 3580 lieet
415 3521 473 3580 sim
488 3522 683 3593 usquemodo
702 3523 751 3590 (iii
