2414 3864
475 157 629 213 cubitum
647 157 744 213 XXIV.

263 307 436 368 laudandam
460 326 529 369 reor
552 310 790 389 occupationem3

188 407 242 458 485
262 396 368 457 horum
391 399 511 458 nomina
534 415 601 458 cum
625 398 739 458 referre
762 415 852 457 versu

262 486 384 548 affectus
407 489 515 567 cupiat,
539 493 667 546 metrum
691 492 817 547 recusat.

304 574 379 636 Hinc
402 593 457 636 nos
480 576 516 636 ad
539 577 689 654 propriam
713 576 833 636 domum
856 575 990 657 vocabas,

262 682 328 724 cum
351 682 438 725 mane
462 666 575 725 exierat
597 682 704 724 novum
729 672 759 725 et
781 663 932 725 calescens

260 753 362 814 horam
386 753 431 813 sol
454 753 541 814 dabat
564 753 686 813 alteram
710 753 878 814 secundam.

187 852 242 903 490
260 842 308 902 hic
331 860 471 921 promens
493 849 604 903 teretes
627 841 703 922 pilas
725 843 914 924 trochosque,

260 932 308 991 hic
331 930 405 992 talos
428 931 643 1011 crepitantibus
665 930 777 992 fritillis

260 1038 315 1080 nos
337 1020 373 1081 ad
396 1020 520 1081 verbera
543 1028 691 1082 tractuum
716 1028 875 1102 struentes,

260 1116 409 1188 tamquam
433 1108 620 1191 Naupliades,
642 1116 779 1189 repertor
801 1112 885 1191 artis,

260 1197 407 1277 gaudebas
430 1198 554 1259 hilarem
579 1201 658 1259 ciere
681 1200 784 1259 rixam.

187 1295 240 1347 495
259 1288 329 1348 hinc
352 1287 387 1347 ad
410 1286 524 1369 balnea,
547 1305 606 1348 non
630 1285 798 1348 Neroniana

259 1394 314 1436 nec
338 1394 413 1455 quae
435 1376 564 1456 Agrippa
588 1376 669 1437 dedit
691 1376 738 1436 vel
760 1376 819 1457 ille,
843 1378 928 1437 cuius

259 1464 377 1526 bustum
401 1464 578 1526 Dalmaticae
601 1466 703 1526 vident
726 1464 858 1546 Salonae,

259 1554 294 1614 ad
317 1555 448 1615 thermas
470 1561 570 1615 tamen
593 1557 637 1614 ire
661 1554 714 1614 sed
737 1554 847 1615 libebat

259 1645 373 1722 privato
396 1642 472 1703 bene
495 1643 644 1723 praebitas
667 1643 783 1722 pudori.

187 1743 241 1793 ooo
259 1739 327 1811 post
349 1750 422 1811 quas
446 1750 501 1792 nos
524 1740 574 1793 tua
597 1732 702 1811 pocula
725 1739 755 1792 et
778 1739 895 1792 tuarum

257 1820 408 1881 Musarum
430 1821 547 1881 medius
569 1829 653 1882 torus
676 1820 806 1901 tenebat,

259 1910 360 1989 quales
383 1928 439 1971 nec
463 1917 574 1971 statuas
597 1912 800 1989 imaginesque

258 2017 334 2061 aere
351 2006 401 2060 aut
423 1998 621 2060 marmoribus
645 1999 853 2078 coloribusque

257 2086 381 2169 Mentor,
404 2086 575 2169 Praxiteles,
599 2088 709 2167 Scopas
733 2089 888 2169 dederunt,

186 2189 238 2239 ooo
258 2183 382 2256 quantas
405 2195 461 2237 nec
483 2176 650 2256 Polycletus
673 2179 737 2256 ipse
760 2178 846 2238 linxit

256 2285 312 2327 neo
334 2267 368 2326 lit
390 2265 510 2327 Fidiaco
536 2267 629 2344 figura
653 2266 741 2327 caelo.

302 2355 359 2415 Sed
384 2357 442 2415 iam
465 2362 494 2415 te
517 2357 632 2415 veniam
656 2354 827 2433 loquacitati

258 2446 412 2523 quingenti
434 2443 672 2523 hendecasyllabi
694 2449 861 2522 precantur.

258 2540 381 2614 tantum,
405 2535 462 2593 etsi
484 2532 607 2614 placeat,
629 2549 733 2612 poema
757 2530 877 2609 longum
901 2539 954 2592 est.

185 2635 238 2684 oto
257 2623 375 2682 iamiam
399 2622 518 2703 sufficit,
541 2624 605 2701 ipse
629 2629 659 2682 et
681 2620 836 2699 impediris

257 2710 382 2773 multum
405 2714 436 2772 in
460 2713 590 2771 carmine
614 2709 771 2790 perlegens
795 2712 932 2790 amicum,

258 2799 487 2860 dormitantibus
512 2802 692 2860 otiosiorem.

546 2990 664 3056 XXIV.

322 3111 607 3168 PROPEMPTIOON
624 3113 675 3166 AD
693 3111 885 3167 LIBELLUM.

300 3224 446 3305 Egressus
470 3225 584 3288 loribus
607 3229 692 3307 meis,
715 3225 822 3307 libelle,

150 3350 155 3361 ·
256 3313 331 3375 hanc
355 3333 473 3375 servare
497 3318 583 3397 viam,
606 3333 720 3396 precor,
744 3321 906 3395 memento,

163 3453 219 3589 {953
234 3451 269 3518 cf.
284 3466 307 3505 c.
317 3450 374 3518 IX,
384 3453 440 3506 332
455 3452 465 3519 i
479 3455 529 3506 bol
546 3450 647 3505 chorus
661 3451 758 3522 ool905
772 3450 871 3505 thorus
885 3452 962 3507 codd.
977 3454 1052 3521 11509
1068 3453 1116 3506 est

85 3538 144 3580 om.
