2392 3854
491 169 644 225 clauum
661 170 708 226 IX.

552 385 641 451 VIII.

113 507 165 563 Ab
182 507 343 564 PRISCUM
360 507 606 562 VALERIANUM
624 507 744 562 VIRUM
762 506 1082 565 PRAEFECTORIUM.

160 623 272 703 Prisce,
296 621 387 682 decus
411 639 528 699 semper
551 627 700 701 nostrum,
724 622 774 680 cui
795 621 931 700 principe
954 621 1039 681 avito

225 717 381 790 cognatum
405 712 498 770 sociat
520 728 653 788 purpura
677 709 754 770 celsa
778 727 885 790 genus,

161 800 194 860 ad
217 807 268 860 tua
292 817 359 859 cum
381 805 500 859 nostrae
525 805 646 859 currant
670 800 804 858 examina
827 816 936 879 nugae,

224 889 305 948 dico:
325 883 426 969 ‘state,
449 905 552 968 vagae3
576 905 634 966 quc
659 883 848 966 properatis?
880 894 966 947 amat.

129 976 319 1038 ddestrictus
343 994 461 1055 semper
485 994 604 1057 censor,
628 978 679 1055 qui
703 975 812 1056 diligit,
836 983 928 1057 extat,

225 1067 299 1127 dura
322 1065 419 1126 fronte
443 1065 514 1144 legit
537 1064 634 1124 mellis
659 1067 795 1124 amicitia.

160 1154 200 1214 nil
222 1161 319 1215 totum
342 1153 464 1233 prodest
487 1151 635 1214 adiectrim
659 1151 796 1212 laudibus
820 1151 906 1234 illud,

223 1242 309 1322 Ulpia
333 1242 412 1322 qued
435 1242 536 1303 rutilat
559 1244 693 1322 porticus
716 1259 784 1301 aere
808 1258 874 1301 men

160 1332 204 1392 rel
228 1331 306 1411 quod
330 1331 425 1392 adbuc
448 1331 557 1411 popule
581 1329 669 1390 simul
693 1337 723 1390 et
745 1328 904 1408 plaudente
928 1337 1047 1391 senatu.

110 1428 144 1480 10
225 1421 260 1481 ad
284 1427 420 1481 nestrum
444 1420 547 1481 reboat
570 1437 697 1480 concava
720 1418 813 1478 Roma
837 1415 967 1498 sophos?

159 1509 340 1589 respondent
362 1509 441 1570 illae:
466 1505 718 1588 properabimus,
741 1507 864 1587 ibimus,
888 1514 917 1567 et
940 1526 995 1567 nos

225 1616 285 1658 non
308 1600 434 1659 retines:
457 1604 539 1659 tante
563 1597 660 1657 iudice
685 1594 771 1674 culpa
794 1595 898 1674 placet.

159 1689 294 1766 coguitor
315 1686 372 1747 hcc
394 1686 494 1747 nullus
517 1684 634 1766 melier3
658 1685 734 1744 bene
759 1685 889 1745 carmina
912 1692 1019 1764 pensat

207 1775 518 1856 contempturum,
542 1774 653 1835 iudicio
678 1768 789 1834 celeri'

112 1875 141 1926 15
160 1871 189 1925 et
213 1867 282 1944 quia
305 1883 365 1925 non
388 1867 471 1944 potui
494 1865 653 1924 temeraria
676 1864 782 1922 sistere
807 1862 911 1943 rerba,

225 1953 282 2014 hec
304 1972 392 2043 rogo,
413 1972 451 2013 ne
475 1952 593 2013 dubites
616 1951 693 2012 lecta
716 1952 815 2012 dicare
840 1971 921 2030 rogo.

572 2159 627 2225 IX.

483 2282 533 2336 AD
552 2281 717 2336 FELICEM.

331 2372 445 2427 Lascau
464 2373 576 2426 Soncms
594 2390 664 2424 mc
683 2371 864 2424 Aroncruasrs

332 2462 539 2498 rnnrc1n0u1uo
558 2461 656 2502 arcena
675 2460 769 2494 suarm

332 2514 550 2570 mensuremus
570 2532 633 2568 suns
653 2531 779 2566 sacurem.

296 2627 362 2708 llic,
386 2628 446 2708 dic,
470 2627 548 2707 quod
572 2633 655 2706 peto,
677 2623 794 2706 Magne,
817 2624 879 2706 dic,
903 2624 1020 2706 amabo,

214 2729 230 2777 5
249 2715 332 2777 Felix
355 2719 488 2797 nomine,
511 2723 624 2797 mente,
647 2715 773 2795 honore,
797 2714 906 2797 forma,

252 2807 343 2886 natis,
367 2807 506 2885 coniuge,
530 2804 685 2884 iratribuS,
708 2811 843 2884 parente,

253 2897 402 2973 germanis
426 2896 570 2973 genitoris
593 2901 681 2972 atque
705 2895 809 2954 matris

252 2990 283 3044 et
305 3001 421 3043 summe
444 2982 625 3062 patruelium
648 2980 782 3043 Camillo:

254 3072 324 3151 quid
348 3090 441 3151 nugas
465 3073 639 3132 temerarias
663 3072 763 3151 amici,

199 3163 361 3240 adsparsit
384 3179 456 3240 quas
479 3170 600 3220 tenerae
625 3163 708 3219 iocus
732 3160 881 3239 iuventae,

160 3313 230 3370 VIII
250 3320 263 3368 1
283 3312 405 3384 principi
424 3315 483 3369 PT
502 3316 511 3382 l
535 3319 550 3368 5
570 3313 721 3368 destrictus
745 3312 941 3381 Wilamcwitz,
964 3309 1111 3365 disbrictns

85 3386 219 3455 0PTF,
240 3384 383 3440 districtos
402 3387 439 3441 M
459 3388 469 3455 ΙΙ
493 3393 507 3439 7
527 3385 620 3439 tolum
640 3386 680 3456 T]
699 3385 796 3439 volum
818 3383 911 3453 OPF,
929 3399 1029 3437 vocum
1048 3382 1087 3436 M
1103 3383 1108 3453 l

84 3461 171 3516 illum
196 3458 245 3527 M,
274 3473 325 3512 ona.
348 3457 407 3524 Fr
431 3463 464 3512 16
483 3457 536 3510 hoc
554 3457 604 3527 Μ]
624 3457 694 3510 haec
715 3454 832 3510 OPTF
853 3459 858 3526 1
879 3461 942 3525 poet
967 3455 1014 3508 alt.
1039 3469 1109 3523 rego

81 3533 181 3602 deficit
200 3529 288 3586 codex
306 3529 345 3583 M
352 3530 363 3597 11
377 3528 415 3582 lX
432 3545 473 3586 cc.
488 3532 560 3584 1-3
579 3545 630 3584 om.
648 3527 695 3599 Til
