2414 3864
134 172 196 237 188
488 169 791 232 ninuuoorlros.

132 325 158 382 si
181 320 304 401 pudoris
328 323 423 381 nostri
442 321 565 381 fecisses
585 326 744 398 utcumque
764 321 924 400 rationem,
948 318 1118 400 Symmachia-

131 430 203 471 num
225 409 299 470 illud
322 416 351 470 te
376 412 505 488 cogitare
528 427 582 488 par
604 408 714 468 fuerat:
746 414 784 468 ut
813 425 896 468 vera
926 407 1004 469 laus
1033 415 1120 487 ornat,

132 503 182 560 ita
204 499 293 559 lalsa
316 500 478 576 castigat.
516 495 544 557 2.
569 515 627 576 quo
641 496 700 557 loci
713 503 813 557 tamen
828 498 853 555 si
867 498 1001 558 animum
1013 506 1120 559 vestrum

132 588 208 649 bene
227 590 343 668 metior,
363 605 453 666 super
472 586 619 667 allectum,
639 603 727 664 quem
746 587 908 646 maximum
928 587 1067 668 ostendis,
1080 586 1120 646 boo

105 685 165 738 stu
188 685 218 737 et
240 684 303 737 arte
326 676 432 736 fecisti.
468 694 538 735 nam
561 676 652 735 moris
676 681 722 734 est
744 673 955 753 eloquentibus
973 678 1044 736 viris
1061 679 1121 754 inge-

131 769 250 826 niorum
270 764 437 826 facultatem
450 765 638 843 negotiorum
651 761 778 843 probare
793 762 1020 825 difficultatibus
1038 773 1066 826 ct
1079 762 1122 824 illio

133 854 233 915 stilum
256 855 385 932 peritum
413 855 499 931 quasi
527 853 674 932 quendam
696 852 817 912 fecundi
840 856 973 932 pectoris
995 868 1122 914 vomerem

132 943 237 1024 figere,
260 940 313 1002 ubi
335 945 476 1002 materiae
500 941 611 1002 sterilis
639 948 846 1020 argumentum
872 940 955 1003 velut
978 944 1057 1004 arida
1077 958 1123 1003 cae·

133 1033 219 1110 spitis
246 1032 339 1090 macri
371 1030 474 1109 glaeba
505 1033 627 1091 ieiunat.
673 1032 814 1091 scaturrit
842 1030 973 1092 mundus
1001 1029 1124 1092 similibus

93 1138 119 1177 ιο
134 1118 291 1198 exemplis:
320 1119 452 1180 medicus
476 1121 507 1180 in
531 1118 750 1201 desperatione,
774 1117 956 1197 gubernator
979 1122 1011 1180 in
1034 1129 1122 1198 tempe·

133 1215 208 1268 state
245 1211 446 1289 cognoscitur3
482 1206 589 1267 horum
626 1210 758 1268 omnium
795 1209 903 1268 lamam
939 1208 1123 1287 praecedentia

132 1296 265 1376 pericula
279 1297 431 1376 extollunt,
451 1315 525 1376 quae
539 1296 672 1375 prolecto
692 1295 848 1377 delitescit,
862 1297 923 1357 nisi
937 1296 990 1358 ubi
1003 1298 1125 1377 probetur

132 1388 288 1446 invenerit.
334 1384 363 1448 3.
397 1388 440 1446 sic
467 1392 497 1446 et
524 1403 649 1464 magnus
678 1391 790 1467 orator,
818 1387 844 1445 si
867 1388 1021 1464 negotium
1043 1401 1123 1466 aggre-

133 1475 231 1535 diatur
268 1481 439 1555 angustum,
480 1481 551 1534 tunc
587 1472 717 1553 amplum
752 1472 942 1553 plausibilius
979 1477 1124 1536 manifestat

92 1576 119 1619 15
133 1566 293 1643 ingenium.
338 1562 455 1623 Marcus
484 1561 599 1623 Tullius
626 1565 659 1622 in
686 1561 852 1623 actionibus
883 1566 993 1625 ceteris
1022 1572 1124 1640 cotem,

131 1671 186 1733 pro
209 1652 283 1713 Aulo
308 1650 442 1712 Cluentio
466 1653 530 1730 ipse
555 1669 586 1711 se
610 1652 693 1733 vieit3
715 1651 831 1712 Marcus
850 1650 963 1713 Fronto
987 1672 1054 1714 cum
1074 1648 1123 1712 reli·

132 1743 199 1821 quis
233 1740 416 1801 orationibus
450 1742 607 1820 emineret,
633 1741 665 1800 in
692 1739 831 1818 Pelopem
855 1758 887 1800 se
912 1740 971 1802 sibi
993 1739 1124 1822 praetrdi15

132 1829 223 1889 Gaius
250 1829 364 1890 Plinius
391 1847 445 1908 pro
475 1829 553 1888 Attia
579 1828 689 1889 Viriola
714 1828 782 1908 plus
811 1829 921 1908 gloriae
951 1831 988 1891 de
1012 1837 1121 1893 centum·

131 1917 217 1977 virali
250 1924 392 1996 suggestu
423 1917 543 1978 domum
573 1917 700 1997 rettulit,
730 1935 819 1996 quam
847 1936 915 1978 cum
938 1919 1038 1981 Marco
1059 1916 1122 1996 Ulpio

92 2023 118 2062 eo
133 2005 358 2086 incomparabili
388 2008 517 2085 principi
554 2005 783 2085 comparabilem
818 2010 1030 2087 panegyricum
1064 2005 1122 2068 dixit

133 2095 162 2157 4,
196 2097 239 2155 sic
269 2097 386 2174 etipse
410 2095 519 2175 iecisti,
551 2097 616 2173 qui,
646 2094 716 2154 dum
745 2097 790 2154 vis
823 2113 964 2157 exercere
992 2097 1122 2158 scientiam

133 2192 228 2265 tuam,
260 2201 320 2244 non
352 2185 463 2243 veritus
494 2201 526 2243 es
559 2183 622 2243 lore
654 2183 711 2243 tibi
733 2183 946 2262 impedimento
966 2189 1053 2247 etiam
1073 2197 1121 2244 con·
1166 2246 1169 2279 ¹

135 2275 290 2335 scientiam
317 2291 421 2332 meam.
468 2274 539 2350 quin
566 2274 666 2351 potius
695 2273 886 2352 supplicando
919 2277 996 2335 meis
1028 2271 1121 2335 medere
1167 2286 1169 2295 ·

134 2361 326 2441 languoribus
348 2379 445 2440 neque
469 2378 524 2439 per
547 2360 716 2439 decipulum
734 2361 810 2422 male
832 2361 1014 2424 blandientis
1037 2353 1122 2437 eloquii

94 2469 120 2510 aa
134 2453 314 2530 aegrotantis
333 2449 428 2510 adhuc
448 2452 562 2510 animae
581 2448 770 2528 fragilitatem
784 2449 894 2529 gloriae
914 2451 1004 2513 lalsae
1018 2449 1124 2532 pondere
1167 2438 1169 2455 '

133 2559 260 2619 premas.
299 2557 369 2600 sane
389 2557 457 2600 cum
476 2537 531 2599 tibi
550 2557 687 2598 sermone
705 2538 829 2618 pulchro
848 2541 907 2600 vita
927 2543 966 2602 sit
984 2539 1124 2621 pulcbrlob

132 2628 200 2708 plus
223 2629 297 2688 mihi
319 2627 465 2710 indulges,
489 2629 515 2688 si
538 2629 598 2688 mei
622 2645 710 2688 causa
733 2646 818 2688 orare
837 2631 937 2708 potius
961 2629 1034 2691 velis
1058 2631 1128 2709 quom

133 2736 283 2797 perorare,
324 2716 396 2778 vale.

612 2888 667 2953 XI.

355 3010 524 3066 SIDONIUS
542 3010 637 3065 LUPO
657 3009 726 3065 SUO
746 3010 926 3068 SALUTEM.

93 3143 120 3183 ao
203 3120 230 3183 1.
254 3123 330 3194 Quid
354 3132 444 3203 agunt
467 3124 665 3205 Nitiobroges
689 3123 760 3202 quid
779 3123 939 3184 Vesunnici
962 3127 1016 3206 tui,
1040 3115 1148 3204 quihus

135 3213 170 3272 de
201 3218 230 3271 te
260 3211 318 3272 sibi
345 3212 522 3305 altrinsecus
550 3212 726 3273 vindicando
749 3214 882 3273 nascitur
906 3231 1025 3293 semper
1048 3199 1152 3274 sancta

208 3390 221 3437 1
244 3382 266 3436 si
286 3398 336 3438 om.
354 3382 378 3437 c
393 3384 402 3452 t
426 3391 441 3437 2
460 3383 554 3437 fuerat
572 3382 631 3437 nr
647 3389 673 3439 c
691 3387 772 3451 (corr.
791 3385 823 3438 eu
840 3381 927 3438 fuerit
945 3384 1047 3452 mnu,
1063 3352 1157 3436 nerii

133 3458 141 3519 l
145 3453 156 3506 i
175 3471 243 3510 corr.
263 3456 295 3509 io
313 3470 330 3506 a
347 3454 477 3524 M¹)MG
494 3458 504 3524 ll
527 3461 561 3509 24
580 3453 742 3524 decipulum
760 3455 829 3522 LN,
849 3453 1010 3524 decipulam
1028 3455 1065 3511 Μ
1068 3434 1129 3510 OT
1144 3423 1155 3493 u

123 3531 160 3579 25
177 3526 254 3583 falso
273 3526 316 3584 M
315 3525 341 3584 0
350 3529 362 3600 fl
376 3532 409 3584 27
430 3526 584 3599 indulgeas
605 3526 632 3582 F
642 3528 703 3597 butt
719 3525 896 3592 msiobtoges
912 3526 1016 3596 ceddi
