2414 3864
141 172 206 238 182
496 172 605 227 LIBER
624 168 797 229 OCTAVUS.

139 323 175 384 de
198 321 459 402 peregrinantibus
482 324 595 404 amicis,
618 325 727 403 quippe
748 340 822 401 quos
840 321 984 383 bellicum
1001 321 1132 383 militaris-

139 428 197 491 que
220 418 333 472 tessera
360 413 444 492 terit,
476 411 571 472 donec
599 412 728 472 secunda
756 429 917 492 cognosco,
948 430 1011 472 non
1032 411 1134 472 adversa

138 500 304 561 formidem.
351 496 402 562 18.
425 499 587 561 Varronem
613 499 831 582 logistoricum,
859 502 938 562 sicut
964 516 1134 581 poposceras,

138 596 168 650 et
190 588 352 650 Eusebium
376 589 634 668 chronographum
655 591 737 670 misi;
766 607 893 668 quorum
917 591 944 649 si
972 589 1009 650 ad
1031 588 1134 650 telina

112 679 318 758 sperveuerit,
340 680 366 738 si
384 678 455 756 quid
474 680 553 738 inter
571 677 740 739 excubiales
759 696 856 760 curas,
873 685 977 756 utpote
992 680 1024 738 in
1038 678 1135 755 castris,

138 767 236 827 saltim
259 768 363 827 sortito
387 765 513 848 vacabis,
539 769 662 848 poteris,
689 773 847 846 postquam
874 785 956 827 arma
983 766 1135 844 deterseris,

138 858 183 916 ori
207 873 324 934 quoque
347 862 399 915 tuo
422 855 564 934 loquendi
587 855 755 935 robiginem
779 873 974 916 summovere.
1021 856 1089 917 vale.

608 1081 681 1147 VII.

338 1202 506 1259 SIDONIUS
524 1202 661 1259 AUDACI
679 1203 748 1260 SUO
768 1202 949 1260 SALUTEM.

204 1316 231 1378 1.
254 1317 380 1379 Ubinam
404 1336 436 1378 se
459 1335 548 1398 nunc,
570 1316 658 1377 velim
680 1317 771 1398 dicas,
794 1319 928 1396 gentium
951 1317 1132 1393 abscondunt,

95 1423 121 1463 ro
136 1408 187 1487 qui
210 1425 298 1486 saepe
318 1405 377 1468 sibi
396 1407 432 1467 de
450 1405 579 1466 molibus
597 1405 769 1467 facultatum
788 1413 1036 1485 congregatarum
1054 1407 1132 1484 deque

133 1498 283 1574 congestis
306 1498 366 1556 iam
388 1497 585 1574 nigrescentis
609 1497 724 1573 argenti
743 1493 876 1555 struibus
894 1487 1131 1557 blandiebantur?

133 1585 186 1645 uhi
209 1586 298 1645 etiam
320 1581 440 1644 illorum
463 1586 674 1664 praerogativa,
697 1586 748 1662 qui
771 1590 874 1644 contra
896 1584 1030 1646 indolem
1051 1584 1131 1646 iunio·

133 1692 201 1734 rum
231 1673 293 1734 sola
322 1675 476 1734 occasione
508 1673 714 1752 praecedentis
746 1675 851 1733 aetatis
883 1664 1130 1735 intumescebant?

133 1762 186 1822 ubi
209 1769 279 1823 sunt
301 1761 354 1842 illi,
378 1780 505 1840 quorum
528 1761 655 1822 affinitas
673 1761 754 1821 nullo
778 1761 888 1822 indicio
907 1764 1022 1823 maiore
1042 1776 1132 1840 cogno·

98 1853 230 1911 sistitur
250 1869 338 1929 quam
357 1847 528 1910 simultate?
550 1869 666 1931 nempe,
689 1869 757 1910 cum
775 1852 906 1929 primum
923 1849 1012 1912 bonis
1036 1850 1133 1912 actibus

134 1938 216 2000 locus
247 1946 276 1999 et
306 1939 342 1999 ad
371 1941 514 1999 trutinam
546 1939 650 1999 iudicii
676 1938 850 2019 principalis
874 1957 1006 2018 appensa
1029 1939 1135 2001 tandem

133 2046 194 2088 non
225 2046 415 2088 nummorum
447 2027 523 2088 libra
556 2028 608 2106 sed
639 2046 770 2109 morum,
802 2047 972 2088 remansere
1006 2028 1067 2111 illi,
1097 2023 1137 2106 qui

134 2117 348 2196 superbissime
378 2117 575 2196 opinabantur
605 2116 667 2176 solo
698 2135 730 2177 se
761 2135 853 2178 censu
883 2134 950 2178 esse
982 2117 1138 2179 censendos

134 2209 244 2287 quique
278 2208 321 2266 sic
351 2208 431 2266 titiis
461 2212 494 2266 ut
524 2205 634 2266 divitiis
669 2205 844 2266 incubantes
877 2205 981 2267 volunt
1013 2202 1145 2267 vanitatis

97 2315 123 2355 ao
140 2295 235 2356 videri
258 2295 383 2355 alienam
407 2297 573 2355 surrexisse
592 2313 758 2375 personam,
777 2313 844 2355 cum
863 2294 959 2355 nolint
978 2291 1149 2375 cupiditatis

132 2387 230 2445 notari
259 2403 344 2445 suam
373 2386 503 2445 crevisse
536 2382 739 2444 substantiam.
781 2386 811 2444 in
841 2402 898 2462 qua
927 2390 1029 2445 tamen
1054 2385 1152 2446 detra·

132 2473 223 2534 hendi
259 2473 404 2552 palaestra
441 2474 594 2533 exercitati
625 2479 776 2551 tamquam
807 2491 863 2552 per
895 2471 995 2534 oleum
1023 2475 1068 2534 sio
1095 2473 1157 2553 per

132 2563 229 2623 infusa
253 2562 483 2623 aemulationum
501 2579 614 2622 venena
632 2568 828 2622 macerantur.
867 2559 896 2622 3.
919 2568 953 2621 tu
976 2580 1048 2622 vero
1072 2561 1163 2623 inter

131 2650 205 2711 haec
228 2662 336 2732 macte,
365 2653 417 2730 qui
439 2651 642 2730 praefecturae
664 2649 759 2710 titulis
784 2649 954 2731 ampliatus,
988 2650 1061 2711 licet
1083 2651 1170 2712 hac‘

93 2757 119 2799 25
133 2747 221 2800 tenus
246 2759 261 2800 e
284 2742 422 2819 prosapia
445 2739 565 2800 inlustri
588 2746 807 2819 computarere,
836 2738 1030 2818 peculiariter
1058 2731 1173 2800 nihil⁰

135 2831 256 2907 segnius
280 2829 451 2908 elaborasti,
475 2834 508 2888 ut
531 2847 547 2888 a
571 2837 599 2888 te
624 2827 783 2907 gloriosius
805 2829 919 2906 posteri
941 2831 989 2888 tui
1012 2835 1178 2889 numera‘

133 2924 246 2977 rentur.
292 2917 335 2977 nil
365 2916 445 2977 enim
475 2923 521 2977 est
552 2916 602 2976 illo
633 2935 686 2996 per
709 2919 887 2977 sententiam
909 2916 983 2976 boni
1005 2912 1178 2997 cuiusqu⁶

133 3008 321 3087 generosius,
354 3007 489 3085 quisquis
522 3007 636 3085 ingenii
668 3007 802 3085 corporis
835 3023 925 3085 opum
957 3007 1092 3067 iunctam
1119 3000 1178 3062 ir

132 3191 253 3244 propo-0
265 3174 288 3230 c
299 3178 337 3244 q1
357 3176 492 3231 aerucam
506 3177 541 3246 n,
560 3175 686 3233 nerisca*
704 3179 734 3246 <a
751 3193 830 3244 aaa,
847 3193 876 3228 m
890 3192 958 3232 aaa.
973 3176 1074 3246 mur,
1091 3156 1178 3259 aa}

133 3246 190 3300 lica
204 3247 241 3300 M
244 3245 268 3301 Ο
271 3248 296 3300 Τ
307 3253 316 3314 11
330 3253 345 3300 2
365 3250 473 3302 tessera
491 3247 560 3302 ierit
577 3265 628 3303 om.
642 3249 669 3302 L
682 3251 722 3317 113
740 3247 889 3302 formidem
903 3248 960 3317 (em
973 3249 1075 3303 iuras.
1090 3235 1153 3302 nl
1175 3283 1178 3292 ι

134 3319 172 3372 M
176 3318 233 3386 OT,
252 3317 431 3372 formidinem
449 3320 476 3373 L
489 3322 529 3385 116
548 3318 648 3374 sortito
667 3321 699 3374 io
716 3335 771 3375 roa.
786 3319 842 3384 M¹‚
860 3317 978 3373 fortuito
998 3320 1025 3374 Τ
1036 3322 1046 3390 1
1059 3324 1093 3373 24
1110 3314 1178 3382 a!

132 3389 201 3443 licei
220 3391 266 3443 ei?
279 3391 289 3457 11
303 3394 336 3443 25
355 3388 467 3443 inlustri
485 3390 525 3459 L,
548 3389 654 3444 illustri
674 3391 705 3458 T,
728 3388 847 3444 illustris
868 3394 950 3458 (corr.
968 3407 1004 3445 ec
1021 3383 1178 3444 inlustr1‘

130 3461 228 3530 N¹)N
228 3461 267 3515 M
269 3460 304 3531 0,·
322 3461 357 3530 of.
376 3479 416 3532 ep.
436 3461 503 3528 VII,
517 3468 545 3530 9,
559 3467 595 3518 17
612 3460 739 3516 inlustris
758 3460 788 3515 iu
802 3463 921 3530 utraque
936 3451 1178 3516 conversatioss‘

113 3532 286 3606 prosapia?
301 3540 335 3590 27
354 3532 447 3599 nichil
463 3534 500 3590 M
505 3535 554 3607 Τ11
