2414 3864
461 136 611 193 caRMuN
629 137 730 194 XXIV.

256 287 366 348 electro
389 287 536 348 viridante
558 288 751 370 pampinatas

257 395 325 436 eum
347 375 442 436 Porus
465 379 565 455 posuit
588 385 727 456 crepante
752 395 821 455 gaza

257 465 334 526 fulvo
358 484 395 526 ex
418 465 538 544 palmite
561 467 676 525 vineam
699 465 811 526 metalli

256 572 439 633 gemmarum
461 554 646 614 fluitantibus
669 551 818 615 racemis?

204 655 236 704 75
301 643 377 704 Hine
400 650 433 704 tu
456 642 574 703 Cottion
597 643 655 703 ibis
679 651 766 722 atque
790 643 876 703 Avito

254 739 358 793 nostro
382 732 456 792 dicis
480 727 566 813 ‘ave'‚
589 732 696 792 dehine
719 729 847 792 ‘valeto'.

257 820 347 882 debes
371 820 548 899 obsequium
570 823 633 880 viro
657 839 803 902 perenne;

257 928 333 990 nam,
357 909 428 969 dent
449 910 520 970 hinc
541 912 658 970 veniam
680 913 740 970 mei
762 912 942 991 propinqui,

255 1017 316 1058 non
338 998 425 1059 uobis
448 1001 530 1077 prior
554 1005 601 1060 est
622 1017 730 1078 parens
754 1002 857 1059 amieo.
913 1045 917 1052 .

204 1089 326 1148 echino
349 1095 378 1148 te
401 1089 460 1147 iam
483 1087 615 1168 lidulus
639 1088 730 1149 decus
753 1088 904 1149 honorum

256 1185 287 1237 et
309 1193 364 1236 nee
387 1176 525 1236 Tetradio
550 1179 622 1237 satis
646 1177 793 1238 secundus

256 1284 372 1326 morum
396 1265 515 1326 dotibus
539 1273 589 1326 aut
611 1272 714 1327 tenore
738 1268 822 1346 recti,

257 1362 357 1415 sancta
381 1357 507 1434 suscipit
528 1355 737 1434 hospitalitate.

256 1446 325 1504 exin
347 1442 436 1503 tende
460 1444 583 1522 gradum
606 1443 774 1522 Tribusque
797 1443 881 1503 Villis

204 1546 237 1595 85
257 1533 467 1593 Thaumastum
490 1539 604 1612 expete,
627 1532 789 1611 quemlibet
813 1533 958 1594 duorum:

258 1639 384 1701 quorum
407 1623 506 1682 iunior
529 1628 575 1682 est
597 1622 671 1681 mibi
695 1620 803 1681 sodalis

257 1718 287 1770 et
310 1710 420 1787 collega
444 1710 532 1771 simul
555 1710 706 1788 graduque
729 1710 834 1791 frater3

257 1799 336 1878 quod
360 1801 385 1858 si
409 1799 469 1859 fors
493 1801 593 1859 senior
615 1798 671 1859 tibi
694 1801 853 1880 invenitur,

255 1889 335 1948 hunc
358 1905 471 1966 pronus
493 1906 585 1968 prope
609 1895 748 1967 patruum
772 1887 876 1949 saluta.

203 1991 237 2040 90
256 1977 325 2036 hinc
349 1976 385 2036 ad
409 1977 540 2037 consulis
564 1976 660 2056 ampla
681 1983 760 2037 tecta
782 1975 881 2055 Magni

257 2064 444 2143 Felicemque
467 2073 552 2127 tuum
574 2069 651 2147 veni,
674 2064 786 2147 libelle3

257 2161 287 2215 et
309 2161 338 2213 te
362 2153 546 2233 bybliotheca
570 2174 627 2233 qua
649 2162 771 2234 paterna
795 2162 849 2236 est,

258 2243 352 2322 qualis
375 2261 430 2303 nec
453 2245 553 2304 tetrici
576 2244 632 2304 luit
653 2243 771 2324 Filagri,

258 2333 373 2393 admitti
396 2333 483 2393 faciet
506 2332 619 2393 Probus
642 2331 811 2413 probatum3

204 2435 237 2484 95
257 2423 305 2482 bic
329 2440 416 2500 saepe
439 2421 570 2482 Eulaliae
593 2440 675 2482 meae
699 2421 816 2502 legeris

257 2513 342 2571 cuius
366 2510 524 2590 Cecropiae
548 2529 635 2590 pares
658 2510 806 2571 Minervae

258 2618 357 2660 mores
381 2607 411 2659 et
433 2601 522 2679 rigidi
546 2618 633 2660 senes
656 2602 772 2678 etipse

258 2690 406 2768 quondam
428 2707 597 2769 purpureus
621 2706 707 2748 socer
729 2687 881 2748 timebant.

304 2778 361 2838 Sed
384 2780 443 2838 iam
467 2778 590 2838 sufficit:
613 2795 682 2838 ecce
705 2775 806 2854 linque
829 2784 959 2856 portum3

192 2881 242 2930 100
262 2886 298 2928 ne
322 2875 351 2928 te
375 2867 506 2946 pondere
529 2866 596 2946 plus
618 2884 751 2945 premam
775 2865 924 2947 saburrae,

257 2958 304 3018 his
328 2960 359 3016 iu
382 2956 517 3017 versibus
541 2973 679 3016 ancoram
703 2955 805 3015 levato.

175 3153 208 3203 78
223 3147 273 3275 ppo
282 3147 445 3290 l'Booeebelem
463 3148 510 3202 ced
523 3147 558 3214 cf.
572 3163 612 3216 ep.
627 3146 671 3214 11,
683 3147 712 3214 2,
725 3150 764 3202 20
778 3147 787 3215 [1
802 3148 835 3199 92
851 3159 907 3212 qua
920 3140 1083 3212 Loeqoloou

98 3236 173 3291 quae
192 3236 222 3275 co
257 3258 268 3274 -.

506 3441 699 3474 ...ηομ-
