2414 3864
488 128 597 182 LIBER
614 128 778 186 TERTIUS.

600 343 672 410 XII.

314 466 481 523 SIDONIUS
501 466 668 522 SECUNDO
689 466 757 522 SUO
777 466 958 525 SALUTEM.

198 580 226 642 1.
249 582 304 643 Avi
326 584 393 663 mei,
416 584 519 661 proavi
541 584 587 643 tui
608 581 754 643 tumulum
777 581 919 645 hesterno
944 576 1014 667 (pro
1032 603 1038 642 3

129 673 177 733 die
200 689 294 751 paene
318 690 423 732 manus
446 671 570 750 prolana
587 678 797 753 temeraverat3
822 672 874 732 sed
898 673 973 733 deus
993 672 1038 732 alii

129 763 212 822 33133
240 767 356 821 tantum
383 767 616 840 perpetraretur.
662 779 784 839 campus
813 767 913 821 autem
940 763 1005 840 ipse
1035 788 1038 815 v

104 851 259 912 arelertus
282 856 342 909 tam
365 848 554 910 bustualibus
577 848 684 910 favillis
708 868 798 929 quam
822 849 1018 911 cadaveribus

130 942 190 1000 iam
220 939 272 998 diu
299 937 436 998 scrobem
464 937 640 1020 recipiebat3
674 939 725 999 sed
756 945 855 999 tamen
882 938 986 1021 tellus,
1018 939 1038 999 b

132 1046 206 1108 quae
236 1027 460 1109 superducitur,
491 1027 622 1087 redierat
649 1030 681 1088 iu
711 1030 868 1106 pristinam
897 1028 1029 1089 distenta

131 1120 204 1178 tiem
223 1116 354 1196 pondere
373 1115 464 1176 nivali
484 1134 537 1177 seu
556 1116 697 1177 diuturno
716 1115 859 1177 imbrium
877 1116 961 1178 fluxu
981 1117 1038 1178 side

131 1208 259 1267 acervis:
283 1225 358 1285 quae
382 1206 438 1266 fuit
462 1224 559 1286 causa,
582 1212 615 1266 ut
637 1205 737 1266 locum
760 1206 905 1266 auderent
926 1213 1038 1286 tamqu:

92 1311 118 1351 10
132 1302 248 1356 cantem
268 1312 428 1374 corporum
446 1293 538 1355 baiuli
556 1297 662 1355 rastris
679 1293 854 1355 funebribus
869 1297 1004 1374 impiare.
1034 1298 1038 1355 1

131 1382 239 1464 plura?
279 1386 339 1444 iam
362 1386 448 1463 niger
470 1402 592 1463 caespes
616 1402 653 1443 ex
675 1384 773 1464 viridi,
796 1386 855 1444 iam
880 1402 971 1463 supra
994 1397 1038 1445 ant

132 1473 323 1552 sepulchrum
346 1472 466 1552 glaebae
486 1479 632 1554 recentes,
656 1491 724 1533 cum
743 1473 819 1533 torte
838 1491 967 1552 pergens
987 1473 1038 1535 uri

131 1563 293 1622 Arvernam
316 1561 468 1640 publicum
492 1560 589 1621 scelus
613 1579 629 1622 e
654 1561 813 1641 supercilio
832 1564 923 1622 vicini
942 1563 1028 1623 collis

132 1669 239 1731 meque
272 1668 348 1730 equo
382 1651 475 1711 effuso
503 1658 563 1710 tam
591 1669 645 1729 per
673 1657 797 1730 aequata
825 1669 914 1730 quam
940 1669 997 1730 per
1025 1671 1038 1712 3

93 1753 119 1795 33
132 1741 302 1819 proripiens
330 1746 359 1799 31
387 1757 487 1799 morae
516 1741 638 1818 exiguae
668 1742 711 1800 sic
735 1758 853 1819 quoque
876 1743 1038 1822 inpatieuS,

133 1846 221 1909 quam
253 1831 454 1909 pervenirem,
487 1828 602 1889 facinus
635 1829 729 1889 audax
759 1831 879 1908 praevio
909 1829 1038 1890 clamore

132 1919 245 1996 pescui.
291 1917 362 1977 dum
385 1917 522 1978 dubitant
544 1919 575 1977 in
599 1919 724 1977 crimine
748 1920 860 1997 reperti
883 1917 1038 1979 dilaberen

133 2012 247 2067 starent
265 2013 295 2067 et
314 2008 471 2086 superveni
485 2001 644 2090 (confiteor
658 2000 816 2090 errorem),
835 2007 981 2086 supplicia
996 2027 1040 2087 cal

133 2095 254 2156 differre
273 2114 333 2155 nou
351 2098 444 2176 potui,
463 2095 515 2155 sed
535 2114 624 2175 supra
643 2097 723 2156 senis
741 2098 837 2157 nostri
850 2099 949 2176 ipsum
964 2115 1037 2176 oper

93 2186 208 2245 retorsi
230 2184 369 2266 latrones,
393 2192 536 2264 quantum
558 2185 695 2246 sufficere
714 2192 815 2264 posset
835 2188 1031 2264 superstitum

133 2281 319 2335 mortuorum
347 2275 507 2334 securitati.
555 2271 584 2334 3.
608 2281 742 2335 ceterum
770 2281 871 2334 nostro
897 2274 975 2353 quod
1001 2294 1038 2336 sav

133 2363 175 2423 nil
198 2364 347 2424 reservavi
370 2381 453 2423 meae
476 2381 582 2423 causae
606 2380 736 2442 suaeque
759 2381 905 2442 personae
928 2382 1035 2442 praesc

134 2470 290 2514 commune
319 2451 467 2533 consului,
500 2470 537 2511 ue
566 2450 612 2511 vel
639 2451 711 2512 baec
739 2451 817 2513 iusto
848 2452 1026 2514 clementius

134 2548 252 2602 caretur
274 2541 321 2601 vel
344 2540 393 2601 illa
417 2543 495 2601 iusto
518 2543 651 2601 severius
674 2541 845 2601 vindicaret.
884 2543 933 2602 oui
956 2561 1026 2602 cum

95 2644 121 2685 25
134 2637 229 2691 totum
256 2630 391 2690 ordinem
419 2631 464 2690 rei
490 2636 524 2690 ut
552 2630 735 2690 satisfaciens
759 2649 795 2691 ex
819 2632 927 2691 itinere
950 2631 1038 2692 mand

134 2721 180 2778 vir
203 2727 322 2780 sanctus
346 2726 376 2779 et
398 2720 495 2779 iustus
518 2719 689 2779 iracundiae
713 2737 796 2779 meae
820 2719 902 2779 dedit
925 2719 1038 2799 glorian

134 2806 177 2867 nil
200 2807 326 2888 amplius
350 2825 403 2886 ego
427 2810 511 2868 venia
538 2806 733 2889 postularem,
761 2810 957 2888 pronuntians
981 2828 1038 2869 mor

134 2898 232 2957 iorum
260 2915 328 2957 reos
354 2904 452 2957 tantae
476 2899 653 2957 temeritatis
676 2899 741 2957 iure
766 2914 869 2958 caesos
892 2897 996 2958 videri.

135 3001 173 3044 ue
197 2986 268 3064 quid
291 2987 323 3045 in
346 2993 499 3064 posterum
522 2985 640 3047 casibus
664 2985 765 3067 liceat,
789 3004 863 3065 quos
887 2985 922 3046 ab
947 3004 1038 3067 exemp

95 3089 122 3129 33
134 3080 198 3134 tare
222 3073 364 3135 debemus
371 3121 379 3155 ,
402 3092 506 3156 posco,
529 3081 562 3134 ut
585 3082 717 3135 actutum
738 3093 785 3134 me
810 3092 928 3154 quoque
953 3075 1038 3136 abser

136 3181 207 3222 cura
230 3163 282 3223 sed
305 3180 371 3223 meo
391 3170 510 3243 sumptu
529 3171 665 3242 resurgat
683 3166 715 3223 in
734 3163 842 3224 molem
862 3182 964 3243 sparsa
983 3183 1038 3226 con

136 3269 224 3330 quam
247 3251 371 3331 levigata
393 3255 500 3332 pagina
523 3259 611 3331 tegat.
649 3271 703 3331 ego
727 3252 889 3313 venerabili
912 3252 1038 3316 Gauden

206 3428 220 3476 1
241 3424 323 3478 incer.
342 3439 392 3478 om.
407 3423 434 3477 L
456 3427 465 3491 ΙΙ
489 3430 505 3479 6
525 3423 651 3478 sedium
670 3424 872 3495 Iacetjobouul
887 3429 921 3480 18
940 3427 970 3479 31
987 3425 1038 3482 Μ

132 3495 164 3550 in
180 3511 234 3550 rao,
249 3493 291 3549 M
294 3494 308 3564 ¹,
327 3510 376 3552 om,
393 3494 441 3566 ΤΙΙ
455 3500 490 3551 20
509 3494 603 3567 possit
622 3495 658 3567 L,
675 3513 746 3552 corr.
762 3497 795 3550 iu
811 3497 909 3564 posset
932 3496 995 3566 V¹l
