2414 3864
109 158 173 224 190
463 158 571 213 claua
590 157 764 215 OCTAVUS.

267 325 374 388 perges
398 309 441 368 sic
465 307 572 368 melius
594 307 710 368 volante
735 307 826 391 saltu,

268 399 294 457 si
316 398 441 475 vestigia
464 397 592 457 fasceata
614 396 689 458 nudi

266 504 321 566 per
344 504 492 546 summum
516 486 602 564 digiti
625 492 730 565 regant
753 488 851 548 citatis

210 586 243 636 15
266 576 345 635 firmi
368 574 554 653 ingressibus
578 581 665 654 atque
688 575 876 637 vinculorum

265 663 513 725 concurrentibus
536 662 649 724 ansulis
672 664 782 724 reflexa

265 754 301 814 ad
325 771 394 814 crus
416 771 471 831 per
494 771 641 813 cameram
665 759 768 813 catena
791 761 902 833 surgat.

264 842 321 901 hoc
344 843 449 920 pernix
472 841 575 903 habitu
598 859 698 901 meum
721 851 871 904 memento

266 929 418 1009 Orpheum
440 931 551 1011 visere,
575 933 627 1008 qui
650 931 798 991 cotidiana

208 1031 242 1081 2ο
266 1038 335 1079 saxa
358 1026 388 1079 et
411 1018 518 1079 robora
542 1037 724 1099 corneasque
748 1019 839 1080 fibras

265 1107 359 1179 mollit
383 1107 551 1186 dulciloqua
574 1127 700 1170 canorus
724 1116 803 1190 arte3

263 1196 389 1276 Arpinas
413 1197 501 1257 modo
524 1206 613 1276 quem
635 1204 755 1258 tonante
778 1197 880 1278 lingua

265 1286 352 1367 ditat,
375 1304 454 1347 nunc
478 1285 565 1346 stilus
588 1294 639 1347 aut
660 1285 852 1348 Maronianus

264 1383 315 1436 aut
338 1393 397 1455 quo
420 1382 453 1435 tu
476 1373 593 1435 Latium
615 1375 700 1456 beas,
723 1375 839 1456 Horati,

208 1476 241 1525 25
265 1464 371 1525 Alcaeo
395 1463 501 1523 melior
523 1463 642 1543 lyristes
665 1467 745 1545 ipso,

260 1560 290 1614 et
313 1571 392 1613 nunc
416 1552 499 1612 indat
521 1571 593 1631 epos
616 1553 852 1635 tragoediarum,

260 1660 339 1702 nunc
364 1641 515 1702 comoedia
537 1648 683 1720 temperat
706 1645 819 1724 iocosa,

259 1749 338 1791 nunc
361 1730 512 1790 flammant
535 1733 641 1791 satirae
665 1738 695 1791 et
717 1733 939 1811 tyrannicarum

260 1819 434 1879 declamatio
458 1822 737 1880 controversiarum.

203 1920 237 1969 30
260 1907 323 1968 dic:
351 1903 503 1968 ‘Phoebus
526 1910 607 1968 venit
629 1916 717 1989 atque
739 1914 807 1988 post
829 1909 971 1970 veraedos

258 1999 349 2057 remis
371 1996 528 2057 velivolum
552 2000 646 2077 quatit
668 1997 852 2079 Garumnam3

260 2103 398 2146 occurras
421 2085 516 2167 iubet,
539 2094 607 2147 ante
631 2087 683 2147 sed
706 2093 808 2167 parato

258 2183 389 2236 actutum
411 2173 561 2254 hospitio?
606 2175 801 2255 Leontioque‚

259 2267 358 2344 prisco
381 2263 464 2323 Livia
487 2282 576 2342 quem
600 2264 649 2325 dat
672 2285 688 2325 e
712 2272 829 2344 senatu,

201 2367 234 2415 35
258 2355 319 2414 dic:
348 2349 423 2412 ‘iam
445 2371 524 2412 nune
548 2351 663 2413 aderit’
706 2355 777 2414 satis
800 2353 928 2414 facetum
951 2361 981 2415 et

258 2443 321 2503 solo
344 2443 463 2501 nornine
487 2441 643 2503 Rusticum
665 2442 771 2502 videto.

258 2532 310 2593 sed
334 2533 360 2591 si
382 2537 460 2591 tecta
483 2538 591 2609 negant
613 2538 647 2591 ut
670 2537 823 2610 occupata,

256 2639 347 2700 perge
371 2619 407 2679 ad
429 2619 532 2679 limina
554 2638 623 2680 mox
647 2623 868 2699 episcoporum,

257 2711 352 2770 sancti
375 2715 405 2768 et
428 2707 564 2768 Gallicini
586 2727 676 2769 manu
700 2707 829 2768 osculata

199 2811 233 2861 40
256 2800 328 2859 tecti
350 2815 439 2877 posce
463 2796 562 2857 brevis
586 2800 781 2877 vacationem,

256 2906 307 2967 ne,
331 2889 356 2945 si
379 2886 525 2945 destituor
548 2886 634 2946 domo
658 2893 775 2966 negata,

256 2993 392 3036 maerens
416 2974 452 3034 ad
476 2975 607 3035 madidas
631 2993 695 3036 earn
718 2975 856 3035 tabernas

256 3071 286 3124 et
309 3062 448 3123 claudens
472 3066 603 3142 geminas
628 3064 752 3124 subinde
775 3081 862 3123 nares

256 3159 378 3231 propter
401 3152 545 3212 lumilicas
569 3171 684 3232 gemam
707 3152 833 3233 culinas,

135 3365 136 3368 Ἴ
167 3322 192 3360 v.
209 3310 241 3359 12
260 3305 353 3375 pergis
372 3306 399 3360 L
421 3309 430 3377 ΙΙ
454 3325 478 3360 v.
495 3310 527 3359 1e
546 3304 689 3360 cotidiano
708 3306 885 3374 Leetjohcnu
897 3307 908 3376 ΙΙ
925 3322 952 3360 v.
966 3310 997 3358 22
1015 3304 1080 3369 quem

96 3378 155 3432 ΒΤ
170 3383 196 3433 et
215 3381 295 3446 (corr.
313 3385 345 3432 ut
362 3397 386 3433 o.
406 3396 439 3433 ex
457 3394 541 3446 quam
560 3377 664 3445 N¹)N,
687 3393 772 3445 quam
791 3381 872 3445 (corr.
891 3393 926 3432 ece
948 3391 1026 3445 quem
1045 3360 1081 3426 ln)

102 3449 214 3520 VMCfl
229 3467 271 3503 vv.
287 3453 321 3502 24
341 3452 369 3502 et
388 3454 421 3502 25
440 3465 490 3504 om.
505 3449 531 3502 L
544 3452 554 3518 l
567 3465 592 3504 v.
608 3454 642 3502 24
661 3448 748 3501 beans
767 3449 823 3503 Leo
836 3450 846 3518 [Ι
860 3467 886 3504 v.
901 3452 936 3502 25
954 3445 1046 3517 lyriste
1059 3445 1081 3487 0⁵

85 3519 147 3576 beo
156 3523 173 3592 ll
185 3539 209 3579 v.
226 3527 262 3578 26
281 3519 433 3594 tragoedia
452 3525 548 3577 atrum
567 3521 780 3587 Wilcmouttzll
