2414 3864
223 166 391 223 SIDONIUS
410 167 506 222 LUPO
526 167 594 223 SUO
613 166 792 224 SALUTEM.
952 166 1015 233 189

76 314 175 379 ontio?
198 335 277 378 unus
300 324 329 377 te
348 319 527 396 patrimonio
546 316 689 398 populus,
713 317 787 378 alter
806 320 896 378 etiam
914 321 1015 378 matri-

76 410 100 468 io
124 414 220 487 tenet,
251 425 376 485 cumque
407 406 456 466 hie
480 407 608 485 origine,
640 408 696 466 iste
726 408 880 487 coniugio,
909 406 1016 467 melius

78 544 87 578 ,
112 496 192 575 quod
215 503 341 574 uterque
365 495 486 555 iudicio.
533 501 563 554 13
593 501 693 555 tamen
718 513 842 556 munere
866 495 915 555 dei
938 497 1017 555 inter

89 585 222 664 felicem,
254 585 291 644 de
329 601 387 663 quo
421 584 532 644 diutius
570 584 740 663 occupando
776 584 1016 664 possidendoque

76 692 110 735 ae
140 675 271 753 pretium
304 681 349 733 est
380 674 476 732 votiva
508 671 685 751 populorum
713 673 810 733 studia
838 670 1015 751 conlligerel
1044 687 1058 728 5

76 783 89 825 1
107 780 178 823 vero
197 764 333 840 utrisque
352 763 552 841 praesentiam
569 768 651 822 tuam
670 761 813 842 disposite
827 764 1018 840 vicissimque

76 857 130 913 ltus
154 869 233 912 nunc
256 850 436 930 Drepanium
460 849 533 930 illis,
551 850 639 909 modo
662 852 729 911 istis
753 853 886 912 restituis
909 850 1017 911 Anthe-

76 961 100 1022 13
124 947 154 1001 et
173 941 199 1000 si
218 958 234 1000 a
252 947 282 1000 13
301 941 458 1000 instructio
478 940 625 999 rhetorica
644 947 792 1021 poscatur,
805 940 837 1000 bi
855 939 1019 1019 Paulinum,

76 1029 220 1090 Alcimum
242 1047 302 1088 non
325 1030 491 1107 requirunt.
532 1027 611 1088 unde
634 1035 664 1088 13
687 1031 780 1107 magis
804 1030 906 1110 miror,
930 1046 1019 1108 quem

76 1119 113 1178 lie
132 1125 193 1178 tam
212 1117 384 1197 multiplicis
403 1116 606 1197 bybliothecae
625 1117 763 1177 ventilata
782 1117 871 1195 lassat
894 1120 1019 1198 egeries,
1033 1133 1059 1173 ιο

76 1207 118 1267 rid
132 1225 149 1267 a
162 1225 210 1266 me
229 1214 363 1267 veterum
378 1206 510 1285 llagitare
525 1205 747 1267 cantilenarum
780 1224 870 1285 pareo
890 1206 1019 1287 quidem,

113 1298 320 1374 intempestiva
358 1295 493 1356 videatur
522 1295 687 1356 recordatio
719 1297 854 1356 iocomm
885 1302 1019 1374 tempore

76 1385 133 1446 ndi.
176 1381 206 1446 3.
229 1383 417 1464 Lampridius
437 1392 537 1445 orator
554 1384 642 1444 modo
661 1385 791 1463 primum
809 1384 884 1443 mihi
903 1385 1019 1444 occisus

76 1476 190 1554 scitur,
221 1475 306 1535 cuius
333 1475 472 1533 interitus
500 1491 632 1534 amorem
658 1490 758 1533 meum
782 1475 906 1533 summis
929 1472 1020 1532 conii-

76 1570 87 1624 t
111 1561 280 1643 angoribus,
308 1564 425 1622 etiamsi
448 1581 508 1623 non
532 1580 601 1622 eum
623 1561 713 1622 rebus
736 1561 873 1622 humanis
897 1562 942 1621 313
965 1563 1020 1621 im-
1035 1577 1061 1618 15

76 1671 91 1712 a
114 1653 270 1731 rapuisset.
318 1651 368 1711 bic
391 1669 438 1711 me
462 1651 623 1731 quondam,
654 1657 689 1711 ut
710 1653 790 1711 inter
813 1652 923 1711 amicos
946 1652 1020 1730 ioca,

76 1740 157 1801 ebum
193 1739 316 1800 vocabat
352 1742 416 1820 ipse
453 1758 469 1800 a
506 1739 592 1800 nobis
628 1741 703 1800 vatis
740 1738 859 1819 Odrysii
899 1741 1020 1799 nomine

77 1836 137 1909 pto.
185 1829 263 1907 quod
298 1847 333 1889 eo
369 1831 506 1907 congruit
542 1836 609 1889 ante
639 1831 769 1910 narrari,
805 1847 843 1889 ne
879 1827 1020 1890 vocabula
1093 1891 1097 1901 ‚

76 1926 131 1979 rata
155 1917 307 1978 subditum
335 1935 456 1978 carmen
479 1917 646 1978 obscurent.
693 1917 764 1978 huic
792 1917 920 1997 quodam
947 1925 1021 1978 tem-

76 2026 81 2066 1
113 2005 301 2084 Burdigalam
324 2009 455 2067 invisens
478 2008 662 2067 metatoriam
686 2009 824 2086 paginam
847 2009 932 2086 quasi
953 2026 1021 2067 cum
1035 2023 1061 2062 so

76 2097 231 2175 apraevia
254 2097 331 2156 misi.
380 2103 451 2174 puto
474 2095 550 2156 hanc
578 2095 702 2156 liberius
735 2097 849 2177 offerri,
879 2115 967 2175 quam
995 2098 1021 2155 si

76 2183 119 2245 uid
147 2202 237 2264 super
265 2184 437 2245 decedentis
469 2202 575 2245 occasu
603 2182 728 2262 lugubre
752 2202 946 2264 componens,
969 2185 1021 2263 qui

93 2272 244 2353 placebam
266 2291 320 2353 per
343 2271 555 2354 eloquentiam,
578 2290 633 2351 per
651 2276 804 2334 materiam
823 2273 1021 2353 displicerem.

167 2413 298 2476 Dilectae
322 2417 412 2475 nimis
436 2422 466 2476 et
487 2413 631 2494 peculiari

167 2503 304 2564 Phoebus
328 2506 587 2565 commonitorium
610 2503 737 2564 Thaliae.

168 2591 291 2653 Paulum
314 2593 471 2673 depositis,
494 2592 624 2673 alumna,
647 2592 769 2672 plectris

169 2700 302 2761 sparsam
325 2684 437 2760 stringe
460 2700 575 2742 comam
597 2683 711 2741 virente
734 2683 818 2761 vitta,

131 2783 147 2832 3
170 2778 200 2830 31
222 2788 311 2849 rugas
333 2771 390 2832 tibi
413 2773 550 2850 syrmatis
572 2770 713 2850 profundi

171 2861 345 2938 succingant
367 2859 494 2919 hederae
518 2859 726 2939 expeditiores.

172 2967 275 3009 soccos
299 2948 376 3009 ferre
401 2967 469 3008 cave
492 2967 561 3029 nec,
584 2955 617 3008 ut
641 2947 766 3028 solebat,

169 3037 235 3097 laxo
259 3055 313 3117 pes
336 3044 418 3098 natet
441 3037 517 3098 altus
541 3039 573 3097 in
592 3044 730 3118 coturn03

169 3126 222 3186 sed
244 3125 318 3187 tales
342 3126 477 3205 crepidas
501 3126 593 3204 ligare
617 3145 702 3206 cura,

117 3227 147 3276 10
169 3215 271 3295 quales
293 3215 456 3295 Harpalyce
479 3215 525 3275 331
549 3215 597 3275 1113
621 3217 728 3295 vinxit,

169 3322 244 3384 quae
267 3307 360 3366 313133
384 3304 479 3383 gladio
502 3323 609 3383 procos
633 3304 749 3364 cecidit.

93 3454 285 3535 ldrypanium
304 3457 441 3527 LMTF,
460 3456 619 3529 dripanium
640 3457 716 3530 OPy
729 3461 762 3513 18
780 3457 920 3526 acceptus
933 3453 1032 3509 Wala-

76 3529 180 3598 ω11313.
197 3536 227 3584 11
248 3529 339 3586 stadio
357 3530 415 3586 Leo
427 3533 439 3602 l!
