2414 3864
140 172 184 237 38
482 171 592 226 LIBER
611 169 808 227 SECUNDUS.

139 321 240 402 fundo,
264 327 297 382 ut
319 323 485 401 perspectis
509 320 652 382 chartulis
674 323 745 402 suis,
770 323 796 381 si
820 320 892 400 quid
914 323 981 382 iure
1005 320 1114 400 competi

138 412 306 491 instruatis,
335 428 409 489 qnae
435 409 596 489 qualiterve
621 411 680 471 sint
703 409 871 491 obicienda,
896 428 971 489 quae
994 409 1114 471 refellere

138 507 346 561 monstrantes.
397 517 457 559 non
489 501 568 560 enim
602 498 784 581 verebimur,
817 499 896 578 quod
929 516 1036 560 causae
1066 498 1114 558 isti

138 607 259 669 rursm,
283 592 310 649 si
333 589 485 648 de'vestri
508 590 671 649 manaverit
693 587 774 649 fonte
799 587 930 670 consilii,
957 587 1017 649 ulla
1039 593 1114 649 eontra

111 685 278 739 ostantum¹
294 677 474 738 derivatione
498 683 647 738 tenuetur.
680 675 751 737 vale.

616 903 673 969 VI.

331 1024 498 1080 SIDONIUS
515 1024 670 1080 PEGASIO
691 1024 758 1081 SUO
779 1024 959 1082 SALUTEM.

207 1135 232 1199 t.
263 1138 490 1199 Proverbialiter
522 1138 639 1200 celebre
667 1145 713 1199 est
741 1156 828 1218 saepe
856 1157 972 1200 moram
1000 1153 1114 1201 essent

135 1228 249 1309 liorem,
273 1230 361 1289 sicuti
380 1234 409 1288 et
427 1247 505 1288 nuno
525 1231 640 1308 experti
659 1246 770 1289 sumus.
807 1226 1018 1290 Menstruanus
1037 1229 1114 1290 amico

135 1325 205 1379 tuus
233 1316 320 1397 longo
347 1319 416 1378 istic
438 1324 572 1396 tempore
595 1319 747 1396 inspectus
772 1319 881 1378 meruit
904 1319 985 1378 inter
1007 1331 1114 1398 persona

96 1425 122 1466 ιο
135 1407 221 1468 nobis
236 1424 354 1487 quoque
369 1425 452 1467 caras
467 1406 677 1485 devinctasque
692 1408 817 1488 censeri,
836 1414 1003 1485 oportunus
1022 1406 1114 1485 elegant

134 1495 321 1557 verecundus
338 1495 465 1575 sobrius,
483 1513 591 1575 parcus
605 1494 763 1575 religiosus
778 1503 808 1555 et
825 1495 872 1555 his
891 1513 1010 1557 morum
1029 1492 1114 1556 dotibu

134 1585 295 1665 praeditus,
318 1590 360 1665 ut,
383 1585 520 1663 quotiens
538 1587 571 1644 in
588 1584 660 1645 boni
679 1587 822 1663 cuiusque
842 1583 975 1645 adscitur
994 1583 1114 1645 amicitia

133 1691 195 1734 non
209 1672 334 1752 amplius
350 1680 548 1752 consequatur
561 1672 700 1734 beneficii
714 1675 778 1753 ipse
794 1691 882 1753 quam
894 1672 1015 1735 tribuat.
1035 1672 1063 1735 2.
1072 1672 1114 1732 bac

134 1761 190 1823 tibi
217 1780 277 1823 non
308 1768 342 1822 ut
368 1764 529 1842 ignoranti,
562 1762 614 1822 sed
642 1771 675 1822 ut
703 1762 813 1823 iudicio
842 1780 909 1822 meo
939 1763 1114 1823 satisfacereu

96 1875 121 1913 15
136 1853 251 1930 scripsi.
294 1869 382 1929 quam
405 1849 442 1910 ob
466 1869 530 1911 rem
553 1850 660 1931 triplex
685 1869 772 1912 causa
795 1850 937 1911 laetandi:
966 1851 1022 1912 tibi
1044 1851 1114 1930 prim

136 1942 184 2000 cui
203 1941 313 2000 amicos
333 1941 376 1999 sic
395 1945 445 1999 aut
463 1941 620 2000 instituere
636 1946 686 2001 aut
705 1940 815 2019 eligere
831 1941 989 2022 contingit3
1008 1934 1114 2001 Arverni

136 2028 279 2110 secunda,
307 2027 415 2108 quibus
442 2028 499 2089 hoc
526 2031 558 2088 in
585 2047 620 2089 eo
648 2027 796 2109 placuisse
825 2029 981 2110 confirmo,
1013 2027 1114 2109 quodt

134 2117 276 2198 probasse
299 2135 359 2178 non
382 2117 511 2199 ambigo;
535 2117 578 2177 illi
596 2120 693 2199 tertia,
717 2118 752 2178 de
773 2137 830 2197 quo
849 2117 922 2178 boni
941 2121 1051 2198 quique
1069 2117 1114 2178 bon

136 2226 270 2287 quaeque
295 2207 508 2267 iudicaverunt.
544 2206 616 2268 vale.

606 2432 679 2498 VH.

94 2586 121 2625 „0
321 2554 488 2610 srnourus
507 2553 672 2609 uxrmoio
692 2553 760 2609 suo
780 2553 960 2609 sinuuuu.

203 2665 231 2728 1.
251 2669 325 2739 Quia
343 2670 457 2730 iustitia
475 2675 573 2728 vestra
592 2670 657 2729 iure
677 2668 710 2728 fit
728 2669 915 2728 universitati
934 2686 989 2747 per
1008 2667 1114 2748 conplu

135 2759 210 2817 recti
242 2760 445 2837 experimenta
476 2756 669 2839 venerabilis,
706 2757 818 2818 idcirco
852 2755 984 2835 singulas
1018 2773 1114 2837 quasrp

134 2863 277 2924 personas
301 2846 331 2906 id
354 2849 453 2925 ipsum
476 2847 670 2926 efflagitantes
694 2848 725 2906 in
749 2864 873 2907 examen
896 2853 1031 2907 vestrum
1054 2846 1114 2908 liber

135 2940 165 2993 et
189 2934 291 2995 avidus
315 2939 427 3016 emitto,
451 2954 538 3014 quam
562 2937 691 3015 primum
714 2935 848 2995 ambiens
871 2953 919 2996 me
945 2935 1114 2997 discussion

96 3046 122 3087 ss
137 3021 203 3082 illos
228 3024 385 3084 simultatis
410 3043 499 3085 onere
523 3023 629 3104 larari;
654 3023 732 3102 quod
751 3024 871 3085 demum
890 3026 931 3084 ita
951 3032 1101 3106 sequetur,

134 3129 195 3172 non
219 3131 255 3172 ex
279 3112 372 3173 solido
397 3115 596 3192 querimonias
620 3114 749 3191 partium
769 3113 955 3173 verecundus
975 3130 1114 3175 censore

92 3230 94 3235 >
135 3199 249 3281 cludas3
279 3219 456 3280 quamquam
484 3209 514 3262 et
541 3201 597 3262 hoc
626 3202 737 3283 ipsum,
766 3201 845 3280 quod
874 3204 989 3281 copiam
1018 3205 1063 3263 tui
1089 3205 1114 3263 iu

105 3426 112 3441 .
206 3395 222 3443 8
242 3388 349 3444 amicus
367 3391 433 3444 tuus
452 3406 502 3446 om.
518 3391 584 3459 LT,
601 3407 622 3444 o.
643 3390 660 3444 l.
681 3391 744 3446 odd.
761 3391 798 3445 Τἣ
818 3392 828 3459 l
852 3395 885 3444 12
905 3390 1034 3446 adscitur
1052 3389 1113 3446 ΕΝ

134 3461 241 3514 ascitur
260 3461 300 3531 M,
325 3460 493 3533 adsciscitur
514 3461 605 3534 01113
625 3460 726 3516 tribuit
747 3462 790 3532 Otl
805 3467 837 3517 18
857 3461 901 3515 illi
919 3461 1008 3517 tertia
1026 3480 1076 3519 om.
1096 3459 1114 3516 l

122 3536 162 3584 26
179 3533 313 3601 seqnitur
330 3533 383 3609 Li]
