2414 3864
259 162 427 220 SIDONIUS
446 161 613 218 NAMATIO
633 162 700 218 SUO
721 162 897 219 SALUTEM.
1016 162 1079 226 177

64 317 148 393 ipsas
172 313 208 373 de
232 320 261 374 te
285 313 395 391 aliquid
422 319 490 392 post
517 319 546 372 te
575 330 731 391 superesse
759 331 819 372 non
847 312 957 373 deceat.
1003 315 1082 374 vivet

64 403 163 482 ilicet,
190 403 269 462 vivet
290 404 322 462 in
350 408 504 481 posterum
532 402 662 461 nominis
690 403 734 461 tui
762 400 862 480 gloria.
909 399 939 463 2.
962 420 1031 462 nam
1055 404 1083 462 si

63 509 125 570 qua
143 492 256 551 nostris
275 490 529 569 qualitercumque
549 491 641 569 gratia
660 492 827 550 reverentia
846 490 920 550 fides
937 489 1081 552 chartulis

64 583 156 660 inest,
180 581 254 640 sciat
276 587 356 641 aetas
379 579 445 639 volo
463 586 600 659 postuma
618 577 693 637 nihil
710 586 761 640 tua
779 578 837 639 fide
852 579 967 639 firmius
985 579 1082 646 forma

64 668 236 751 pulchrius,
264 671 411 729 sententia
433 670 542 729 iustius
568 669 711 747 patientia
738 668 926 748 tolerantius,
955 668 1080 729 oonsilio
1107 685 1123 726 s

65 761 187 837 gravius
211 760 345 818 convivio
368 756 474 818 laetius
498 756 644 835 colloquio
664 757 832 818 iucundius.
870 756 943 817 illud
963 775 1081 837 quoque

66 865 159 927 supra
183 853 281 908 cetera
305 854 453 928 agnoscet,
475 847 634 925 praeconia
656 844 793 907 laudibus
811 849 871 907 tuis
891 865 927 906 ex
945 854 1082 908 votorum

66 938 279 997 contrarietate
302 938 428 997 venisse.
468 953 537 995 nam
559 953 652 1014 prope
676 942 730 1016 est,
753 942 786 995 ut
809 937 988 997 eminentius
1012 954 1082 997 oen-

67 1032 180 1105 seatur,
206 1025 285 1104 quod
307 1024 507 1104 probaverunt
529 1031 558 1084 te
582 1023 704 1084 adversa
727 1032 920 1106 constantem,
943 1044 1031 1104 quam
1056 1028 1083 1086 si

64 1114 201 1174 celarent
224 1114 352 1174 secunda
375 1113 501 1174 felicem.
542 1111 613 1173 vale.
1096 1135 1124 1174 ro

545 1337 602 1403 VI.

255 1459 423 1517 SIDONIUS
441 1453 610 1515 NAMATIO
630 1459 698 1515 SUO
718 1460 894 1517 SALUTEM.

139 1572 168 1636 1.
193 1573 298 1635 Gaium
312 1573 468 1635 Caesarem
487 1575 671 1656 dictatorem,
690 1593 748 1653 quo
767 1576 866 1636 terunt
884 1574 1000 1635 nullum
1017 1593 1082 1635 rem

67 1663 230 1724 militarem
253 1663 388 1724 ducalius
412 1664 644 1744 administrasse,
672 1664 769 1725 studia
792 1666 927 1725 certatim
950 1665 1083 1725 dictandi

68 1752 281 1831 lectitandique
306 1752 364 1813 sibi
391 1760 493 1814 mutuo
517 1752 712 1813 vindicavere.
754 1759 784 1813 et
806 1752 877 1813 lieet
900 1757 932 1814 in
954 1772 1083 1833 persona

68 1844 160 1902 unius
192 1842 385 1920 eiusdemque
417 1849 551 1921 tempore
584 1859 637 1902 suo
665 1843 809 1921 principis
836 1844 893 1902 viri
920 1845 1082 1904 castrensis
1096 1864 1123 1905 15

67 1932 275 2009 oratoriaeque
299 1932 440 1991 sciendae
464 1949 536 1990 eura
563 1932 721 1991 certaverit
748 1932 841 1992 ferme
864 1931 957 2011 gloria
980 1935 1082 2012 aequi·

67 2022 148 2099 pari,
176 2019 255 2079 idem
282 2025 382 2079 tamen
410 2037 571 2098 numquam
599 2038 631 2080 se
659 2021 731 2080 satis
759 2021 843 2081 duxit
866 2023 897 2081 in
924 2024 1081 2101 utriusque

66 2111 142 2168 artis
172 2126 239 2169 aree
268 2110 478 2189 compositum,
504 2110 679 2188 priusquam
705 2111 797 2170 vestri
819 2109 970 2188 Arpinatis
997 2113 1082 2170 testi-

67 2199 169 2258 monio
193 2199 301 2257 ceteris
324 2196 499 2258 mortalibus
523 2198 727 2258 anteferretur.
764 2195 794 2259 2.
818 2199 896 2276 quod
914 2199 989 2258 mihi
1008 2217 1081 2277 quo-

67 2304 137 2366 que,
161 2287 188 2346 si
205 2303 294 2364 parva
312 2289 428 2365 magnis
447 2304 624 2365 componere
643 2285 722 2367 licet,
745 2287 907 2348 secundum
926 2286 1079 2349 modulum
1094 2310 1122 2349 ao

67 2393 170 2435 meum
203 2393 381 2454 quamquam
412 2374 610 2436 dissimillimo
644 2374 781 2435 similiter
816 2376 949 2436 accessit.
1006 2395 1080 2455 quae

67 2482 162 2543 super
193 2470 316 2524 cunctos
343 2470 373 2524 te
401 2483 490 2544 quam
520 2466 652 2544 primum
679 2463 779 2524 decuit
806 2482 979 2545 agnoscere,
1012 2467 1082 2544 quia

67 2552 124 2613 tihi
149 2559 194 2612 est
216 2559 277 2612 tam
301 2551 393 2631 gloria
415 2572 482 2613 mea
501 2571 588 2632 quam
607 2552 784 2613 verecundia
802 2552 964 2632 plurimum
983 2572 1081 2615 curae.

67 2641 187 2702 Flavius
210 2641 357 2722 NIcetius,
389 2644 435 2702 vir
462 2650 529 2702 ortu
556 2641 752 2721 clarissimus,
783 2640 938 2720 privilegio
967 2649 1083 2721 specta·

68 2729 153 2810 bilis,
184 2731 292 2790 merito
320 2729 455 2812 inlustris
487 2737 517 2791 et
543 2730 698 2791 hominum
724 2732 837 2809 patriae
864 2737 983 2790 nostrae
1010 2749 1081 2810 pru-
1095 2752 1122 2793 aa

69 2819 171 2879 dentia
188 2820 355 2898 peritiaque
374 2821 455 2880 iuxta
473 2837 638 2899 maxumus,
655 2821 823 2901 praeconio,
842 2826 984 2898 quantum
1002 2838 1082 2880 eom-

69 2910 146 2988 peri,
164 2909 309 2968 immenso
327 2909 492 2987 praesentis
507 2908 642 2989 opusculi
655 2907 804 2969 volumina
818 2908 940 2991 extollit,
958 2911 1083 2990 insuper

69 2996 260 3079 praedicans,
293 2997 371 3075 quod
402 2996 546 3077 plurimos
579 2999 719 3059 iuvenum
750 3016 806 3058 nec
839 3016 943 3059 senum
971 3017 1082 3078 paucos

70 3087 152 3146 vario
184 3103 294 3164 genere
325 3085 456 3147 dictandi
487 3085 707 3168 militandique,
739 3089 848 3166 quippe
882 3087 977 3148 adhuc
1010 3106 1081 3149 aevo

70 3174 184 3256 viridis,
211 3176 275 3254 ipse
300 3175 356 3234 sim
380 3193 600 3255 supergressus.
647 3173 676 3237 3.
700 3175 851 3257 equidem,
879 3178 910 3237 in
938 3184 1081 3256 quantum
1094 3199 1123 3239 oo

143 3386 159 3434 1
177 3383 207 3437 te
226 3387 289 3437 aare
307 3397 451 3450 superesse
473 3399 523 3438 om.
540 3382 592 3438 UT
612 3386 621 3453 ΙΙ
646 3388 677 3436 11
697 3383 851 3439 nammatio
870 3384 908 3437 M
913 3384 937 3439 0
955 3390 981 3438 et
1000 3386 1082 3450 (corr.

71 3468 105 3507 ex
121 3452 297 3506 nammnutio
315 3460 347 3508 ut
364 3455 419 3508 oid.
436 3453 538 3524 T¹)Tl
552 3458 586 3507 22
604 3453 725 3523 primum
739 3471 789 3511 om.
805 3455 899 3526 Oqaa
914 3456 982 3508 tam
996 3470 1053 3508 oto.
1064 3453 1091 3506 <l

76 3522 80 3592 l
98 3522 262 3594 plurimum]
278 3522 400 3593 primum
422 3525 467 3596 6¹11

115 3620 283 3660 cromam
295 3622 331 3662 od,
344 3623 372 3662 M
375 3623 432 3666 olan
920 3621 961 3667 Ml.
