2414 3864
135 183 180 249 54
477 149 478 152 ‘
496 181 606 237 ulnus
624 180 788 236 ruamus.

135 332 263 394 biendus
287 332 402 393 affectu.
449 331 522 392 deus
540 331 627 411 bone,
651 331 729 410 quod
748 331 888 409 gaudium
907 330 964 391 fuit
982 329 1143 406 laboriosis,

136 440 204 483 cum
223 429 256 482 tu
271 429 406 482 sanctum
424 420 531 500 pedem
551 423 701 480 semirutis
720 419 877 480 moenibus
895 418 1037 481 intulisti!
1061 435 1143 499 quam

135 519 168 572 tu
198 511 234 572 ab
266 513 347 571 omni
376 509 479 570 ordine
509 527 582 570 sexu
609 516 703 570 aetate
733 511 943 588 stipatissimus
967 503 1143 570 ambiebare!

136 618 211 679 quae
235 599 306 661 salsi
329 617 399 677 erga
422 598 554 677 singulos
575 597 650 658 libra
669 596 829 658 sermonis!
853 614 942 676 quam
960 604 990 658 te
1009 597 1143 659 blandum

108 692 230 770 spueri,
255 706 369 750 comem
390 690 521 768 iuveneS,
545 705 664 766 gravem
683 705 770 747 senes
789 685 1002 748 metiebantur!
1027 706 1098 766 quas
1115 694 1143 748 tu

136 777 273 839 lacrimas
296 784 329 838 ut
351 795 460 856 parens
484 779 616 837 omnium
639 794 730 855 super
748 776 836 836 aedes
854 775 993 836 incendio
1012 784 1143 856 prorutas

136 874 166 927 et
189 864 338 927 domicilia
361 868 502 926 semiusta
521 863 636 926 fudisti!
661 872 803 944 quantum
823 863 944 925 doluisti
963 883 1084 944 campos
1103 884 1143 926 se·

134 954 233 1035 pultos
262 953 381 1015 ossibus
410 953 579 1034 insepultis!
614 973 688 1033 quae
716 963 767 1015 tua
798 954 940 1032 deinceps
972 953 1143 1035 exhortatio,

137 1062 211 1123 quae
236 1045 453 1123 reparationem
477 1043 629 1105 suadentis
656 1041 841 1103 animositas!
888 1040 917 1103 2.
940 1041 988 1102 his
1013 1043 1143 1124 adicitur,

95 1153 121 1192 1o
136 1133 223 1214 quod,
247 1151 315 1194 cum
333 1135 483 1193 inveneris
505 1135 653 1193 civitatem
677 1150 737 1192 non
759 1135 858 1192 minus
882 1133 975 1192 civica
999 1132 1143 1194 simultate

135 1241 223 1301 quam
246 1221 399 1282 barbarica
423 1223 593 1282 incursione
616 1229 777 1302 vacuatam,
800 1238 904 1300 pacem
923 1220 1065 1283 omnibus
1085 1240 1143 1282 sua-

134 1311 208 1372 dens
237 1314 390 1373 caritatem
417 1310 491 1391 illis,
523 1309 589 1370 illos
617 1313 729 1389 patriae
753 1309 917 1370 reddidisti.
965 1309 1075 1388 quibus
1097 1319 1143 1371 tuo

134 1403 249 1462 monitu
281 1419 340 1461 non
372 1401 471 1460 minus
502 1402 534 1459 in
565 1418 658 1460 unum
691 1399 848 1459 consilium
881 1416 969 1477 quam
996 1401 1030 1460 in
1058 1417 1143 1461 unum

135 1490 276 1569 oppidum
299 1488 519 1550 revertentibus
541 1491 621 1549 muri
644 1487 699 1548 tibi
722 1487 831 1548 debent
849 1486 967 1566 plebem
985 1487 1143 1568 reductam,

95 1597 121 1638 15
134 1577 219 1657 plebs
252 1578 373 1639 reducta
401 1577 597 1638 concordiam.
644 1579 783 1656 quocirca
810 1579 882 1637 satis
909 1584 939 1637 te
967 1579 1024 1638 toti
1054 1596 1143 1657 suum,

135 1669 207 1728 satis
232 1685 263 1727 se
286 1669 342 1727 toti
364 1673 432 1726 tuos
455 1669 624 1748 aestimant3
652 1673 695 1746 et,
719 1684 793 1745 quae
822 1664 915 1744 gloria
942 1673 993 1726 tua
1021 1670 1143 1728 maxima

135 1762 193 1836 est,
225 1757 348 1815 minime
381 1754 530 1816 falluntur.
585 1753 614 1816 3.
648 1753 821 1815 obversatur
854 1756 966 1815 etenim
996 1773 1053 1834 per
1085 1755 1143 1816 dies

134 1842 285 1905 mentibus
309 1843 501 1925 singulorum,
530 1844 608 1924 quod
631 1861 759 1923 persona
785 1850 879 1904 aetate
902 1845 1000 1922 gravis
1024 1845 1143 1905 infirmi·

135 1939 195 1993 tate
219 1931 341 2014 fragilis,
364 1932 517 1994 nobilitate
539 1932 675 1994 sublimis
694 1932 838 2010 religione
856 1931 1037 1992 venerabilis
1058 1933 1143 1994 solius

94 2043 120 2082 ro
134 2021 302 2083 dilectionis
326 2021 449 2082 obtentu
472 2022 618 2101 abrupisti
640 2029 684 2082 tot
706 2021 855 2102 repagula,
878 2028 923 2081 tot
945 2020 1079 2083 obiectas
1101 2041 1143 2082 ve·

134 2111 237 2171 niendi
261 2110 459 2192 difficultates,
487 2113 628 2172 itinerum
651 2110 790 2171 videlicet
812 2109 1030 2188 longitudinem
1053 2111 1143 2172 breri-

133 2207 224 2262 tatem
248 2201 374 2281 dierum,
396 2203 510 2261 nivium
533 2203 649 2279 copiam
667 2201 823 2279 penuriam
841 2197 1028 2281 pabulorum,
1052 2199 1143 2261 latitu-

134 2290 219 2352 dines
243 2289 437 2350 solitudinum
459 2292 610 2368 angustias
633 2291 829 2369 mansionum,
856 2290 971 2348 viarum
993 2291 1143 2368 voragines

134 2386 184 2440 aut
211 2397 315 2440 umore
343 2377 483 2439 imbrium
511 2385 614 2457 putres
642 2385 692 2438 aut
719 2378 864 2456 frigorum
891 2379 1026 2438 siccitate
1054 2378 1143 2439 tribu·

94 2485 120 2528 aa
134 2467 221 2549 losas,
249 2467 365 2529 adhoc
394 2475 444 2527 aut
467 2486 589 2546 aggeres
613 2470 692 2528 saxis
720 2484 842 2546 asperos
870 2473 920 2526 aut
946 2465 1054 2528 fluvios
1083 2465 1143 2546 gelu

122 2556 265 2637 lubricos
289 2564 340 2617 aut
363 2554 452 2617 colles
480 2575 606 2617 ascensu
630 2555 797 2616 salebrosos
821 2562 872 2616 aut
896 2553 987 2615 valles
1011 2555 1143 2635 lapsuum

134 2646 307 2707 assiduitate
331 2645 464 2725 derasas3
487 2663 542 2724 per
565 2663 639 2724 quae
664 2646 761 2704 omnia
780 2643 976 2724 incommoda,
1000 2648 1143 2723 quianon

133 2737 280 2813 privatum
304 2733 492 2795 commodum
514 2733 696 2814 requirebas,
724 2751 855 2794 amorem
878 2731 1032 2812 publicum
1056 2742 1143 2796 rettu-

134 2822 204 2883 listi.
249 2822 279 2884 4.
304 2823 383 2902 quod
406 2830 506 2904 restat,
535 2823 623 2884 deum
646 2840 813 2902 precamur,
835 2829 868 2882 ut
896 2823 960 2882 aeri
988 2825 1079 2884 metis
1103 2841 1143 2884 se·

95 2930 122 2970 so
136 2910 266 2971 cundum
294 2918 361 2971 vota
388 2914 533 2990 promotis
559 2911 705 2972 bonorum
733 2913 879 2971 amicitias
903 2910 1078 2972 indefessim
1101 2930 1143 2973 ex·

135 3006 219 3080 petas
234 3003 332 3080 capias
347 3000 460 3060 referas
475 3007 674 3079 sequaturque
693 3008 722 3061 te
742 3000 868 3081 affectio,
887 3017 975 3078 quam
995 3000 1143 3081 relinquis,

136 3096 166 3149 et
189 3090 321 3150 initiatae
345 3107 399 3167 per
426 3096 456 3148 te
479 3088 659 3168 ubicumque
687 3092 798 3167 gratiae
823 3088 943 3167 longum
970 3088 1027 3150 tibi
1050 3090 1143 3151 redhi-

134 3177 261 3238 beantur
284 3195 372 3257 qnam
396 3177 586 3238 fundamenta
607 3184 669 3237 tam
692 3177 828 3238 culmina.
871 3176 943 3238 vale.

134 3401 212 3458 bitus
231 3404 263 3458 in
284 3419 369 3473 morq.
390 3403 455 3458 odd.
470 3402 525 3468 M1,
544 3399 667 3454 ambitus
688 3401 719 3467 T,
747 3401 793 3455 vel
816 3401 982 3456 ambitiosus
1005 3419 1027 3458 s.
1047 3405 1064 3459 l.
1085 3403 1143 3460 odd.

133 3474 174 3527 qn
191 3478 205 3543 p
228 3479 263 3529 15
282 3473 352 3529 salis
371 3475 400 3528 te
419 3473 473 3528 toti
497 3488 578 3527 sunm
600 3488 651 3528 oro.
673 3471 696 3527 0
714 3476 726 3540 l
746 3477 781 3526 2⁷
800 3471 928 3543 derasas]
946 3490 985 3528 an
1002 3477 1143 3544 petrosos!

119 3543 275 3602 ruderatns
292 3546 480 3619 Maetybbomo
499 3548 532 3603 itt
551 3545 630 3614 adn,
647 3542 797 3598 taediosos
815 3543 1029 3609 thomoouan
