2414 3864
131 117 175 182 36
479 115 587 170 LIBER
605 114 802 171 SECUNDUS.

130 260 247 351 stabis),
266 265 391 326 daturus
409 265 480 326 hinc
498 267 623 347 veniam,
647 265 725 345 quod
744 265 920 351 brevitatem
940 265 998 326 sibi
1016 265 1063 327 del

128 355 217 436 paulo
237 354 442 433 scrupulosior
462 353 588 434 epistula
607 357 743 435 excessit,
762 354 834 415 dum
852 361 948 416 totum
963 357 1063 416 rurist

131 444 258 505 sollicita
285 446 425 526 rimatur3
453 461 528 522 quae
555 450 655 504 tamen
684 443 889 504 summovendi
916 443 1063 505 fastidiis

130 553 186 595 nec
205 541 311 594 cuneta
329 535 515 613 perstrinxit.
549 539 730 611 quapropter
747 531 844 593 bonus
863 532 976 594 arbiter
994 540 1025 594 et
1042 553 1063 594 ar

102 623 223 684 alector
241 640 301 683 non
320 625 468 703 paginam,
492 639 567 700 quae
587 623 681 701 spatia
699 620 851 703 describit,
871 622 923 682 sed
942 621 1050 704 villam,

131 714 260 792 spatiosa
282 710 479 792 describitur,
502 710 643 789 grandem
666 710 910 790 pronuntiabunt.
942 710 1016 773 vale.

614 935 672 1002 ΙΠ.

346 1057 518 1113 sinemus
536 1057 652 1114 uuurcr
672 1056 739 1113 suo
760 1057 936 1115 snuurnu.

200 1168 227 1232 1.
259 1170 378 1233 Gaudeo
407 1180 451 1252 te,
481 1171 599 1232 domine
628 1175 735 1253 maior,
766 1171 965 1253 amplissimae
996 1173 1063 1253 dign

136 1261 243 1322 infulas
267 1269 470 1322 consecutum.
517 1260 570 1321 sed
593 1260 624 1321 id
647 1261 720 1322 mibi
744 1261 780 1322 ob
804 1261 860 1322 hoc
884 1260 981 1323 solum
1003 1263 1063 1323 dest

93 1371 119 1411 ro
132 1350 286 1413 tabellario
305 1352 475 1411 nuntiatum
493 1368 554 1410 non
572 1352 671 1411 minus
689 1351 811 1430 gaudeo.
844 1369 912 1411 nam
930 1350 1003 1412 licet
1018 1354 1051 1412 in

134 1442 298 1502 sentiarum
331 1442 373 1499 sis
405 1440 578 1518 potissimus
606 1442 795 1519 magistratus
827 1447 858 1501 et
889 1442 921 1501 in
948 1439 1028 1501 lares
1054 1440 1063 1501 l

133 1532 253 1608 grianos
286 1530 430 1608 patricius
464 1546 538 1607 apex
570 1530 661 1588 tantis
697 1536 765 1607 post
798 1528 922 1590 saeculis
954 1536 1007 1590 tua
1038 1538 1063 1590 ta

133 1617 275 1678 felicitate
299 1618 491 1698 remeaverit,
518 1618 635 1677 invenis
657 1624 770 1699 tamen,
799 1620 844 1678 vir
867 1620 1063 1679 amicitiarum

134 1709 316 1787 vantissime,
341 1705 467 1785 qualiter
490 1705 638 1766 honorum
660 1713 782 1767 tuorum
806 1714 921 1767 crescat
944 1725 1062 1768 commu

96 1812 123 1854 15
136 1795 297 1877 fastigium,
320 1813 447 1874 raroque
471 1812 579 1873 genere
604 1794 731 1874 exempli
749 1794 936 1856 altitudinem
954 1802 1038 1857 tuam
1057 1797 1063 1856 l

135 1883 216 1945 litate
232 1883 382 1944 sublimas.
412 1881 441 1944 2.
462 1885 505 1944 sic
520 1883 669 1962 quondam
683 1884 825 1954 Quintum
838 1883 963 1945 Fabium
977 1888 1063 1963 magis

135 1974 269 2051 equitum
288 1973 448 2033 dictatorio
467 1975 561 2051 rigori
580 1980 610 2033 et
629 1972 801 2052 Papirianae
820 1972 978 2052 superbiae
998 1974 1063 2035 lavo

135 2061 232 2122 blicus
255 2060 412 2142 praetulit3
436 2063 479 2122 sic
503 2069 533 2121 et
556 2060 688 2122 Gnaeum
709 2061 883 2142 Pompeium
906 2080 997 2140 super
1021 2082 1063 2124 aer

138 2149 244 2212 extulit
266 2169 428 2229 numquam
457 2149 588 2211 fastidita
610 2149 806 2233 popularitas3
835 2153 878 2211 sic
901 2150 1044 2211 invidiam

101 2261 127 2300 ro
141 2242 257 2301 rianam
283 2241 394 2320 pressit
417 2240 619 2300 universitatis
643 2258 742 2300 amore
766 2238 966 2300 Germanicus.
1015 2259 1063 2319 qu«

135 2328 203 2390 nolo
223 2328 281 2390 sibi
303 2328 339 2389 de
360 2326 548 2389 successibus
567 2330 626 2389 tuis
643 2328 818 2408 principalia
831 2327 976 2390 beneficia
990 2328 1063 2407 plur

108 2446 109 2452 ¹
135 2417 341 2499 blandiantur,
374 2435 449 2497 quae
479 2415 554 2477 nihil
582 2416 638 2477 tibi
666 2418 791 2496 amplius
820 2419 955 2478 conferre
983 2425 1063 2497 potul

139 2525 233 2585 quam
256 2514 299 2588 ut,
323 2509 349 2567 si
371 2505 401 2566 id
425 2504 633 2587 noluissemus
657 2509 853 2567 transiremur
875 2508 969 2566 inriti.
1007 2506 1063 2568 illu

137 2594 248 2656 culiare
272 2603 361 2657 tuum
385 2603 440 2676 est,
464 2593 536 2655 illud
555 2597 666 2673 gratiae
686 2595 853 2676 singularis,
877 2594 955 2675 quod
974 2602 1036 2655 tam
1055 2616 1063 2656 1

97 2702 124 2744 25
138 2683 323 2746 aemulentur
336 2703 396 2745 non
411 2683 503 2745 babes
518 2701 606 2762 quam
620 2702 680 2744 non
694 2687 809 2744 invenis
824 2687 876 2763 qui
891 2692 1062 2762 sequantur.

618 2910 674 2976 IV.

303 3029 471 3086 SIDONIUS
491 3031 707 3087 SAGITTARIO
727 3031 796 3087 SUO
816 3031 993 3087 SALUTEM.

210 3142 238 3204 1.
270 3142 321 3204 Vir
353 3143 537 3206 clarissimus
563 3144 730 3225 Proiectus,
764 3145 844 3205 domi
874 3144 983 3206 nobilis
1012 3153 1042 3207 et

143 3239 309 3312 patruoque
338 3233 562 3315 spectabilibuS,
590 3251 642 3293 avo
667 3235 756 3294 etiam
778 3237 1034 3312 praestantissimo
1060 3256 1063 3295 1

215 3410 229 3458 1
248 3403 295 3459 hio
314 3419 383 3461 corr.
403 3407 435 3459 in
452 3405 519 3459 hino
540 3404 581 3471 0¹,
599 3404 665 3458 hino
683 3407 713 3476 (n
731 3406 763 3459 in
779 3421 835 3460 ros.
849 3405 955 3532 ΜέΜ,
974 3406 1020 3461 vel
1038 3406 1063 3461 ln*

143 3476 207 3531 add.
222 3476 270 3531 M2
281 3479 292 3548 l]
307 3482 323 3530 9
343 3475 448 3551 solum]
467 3476 560 3548 ipsum
576 3475 622 3549 Pp
637 3481 669 3530 16
688 3474 797 3531 fabium
810 3492 860 3532 om.
910 3479 968 3547 [126
987 3477 1063 3549 siagr
