2414 3864
245 110 413 168 SIDONIUS
432 111 615 168 IIUTROPIO
635 111 703 167 SUO
723 110 900 168 SALUTEM.
1035 112 1078 176 59

68 324 71 329 ¹
101 252 161 318 fundi
182 262 274 340 ipsius
301 264 456 340 integritas
484 261 610 322 familiae
640 280 709 322 suae
738 262 902 323 dominium
929 265 1077 341 usquein

99 342 183 408 obitum
204 352 304 410 vitrici
326 369 422 430 nuper
444 354 503 411 vita
526 351 698 412 decedentis
722 354 848 432 aspexit;
877 370 956 411 nunc
979 359 1077 412 autem
1128 346 1130 351 ⁸

67 442 70 447 '
98 434 129 493 cir
146 437 223 499 alieni
251 457 312 499 non
335 446 490 520 appetens,
518 443 564 500 sui
587 458 695 519 parcus
718 443 916 519 possessionis
939 443 1077 519 antiquae

67 594 70 601 Ι
97 539 144 585 ase
159 526 297 589 alienatae
317 547 376 589 non
394 536 455 590 tam
473 530 579 590 damno
599 531 717 608 angitur
736 548 825 608 quam
843 529 969 610 pudore3
989 547 1076 607 quam

65 676 69 691 ⁸
97 618 119 671 ut
134 616 270 678 rchmcre
299 625 435 700 conetur,
463 637 523 679 non
547 620 685 678 avaritiae
709 621 781 678 vitio
806 618 858 678 sed
881 617 1076 678 verecundiae
1104 631 1118 672 1

95 708 244 766 necessitate
278 706 470 786 compellitur.
522 705 550 769 3.
578 706 711 767 tribuere
744 708 865 786 dignare
898 708 973 767 rotis
1006 708 1077 786 suis,

94 793 206 866 precibus
230 797 314 875 meis,
336 795 469 856 moribus
493 798 561 874 tuis,
584 802 618 855 ut
638 796 675 855 ad
695 796 873 857 soliditatem
892 798 971 855 ruris
990 797 1077 854 istius

93 883 323 960 tepatrooinante
347 887 510 964 perveniat,
538 887 587 945 cui
610 903 674 945 rem
697 892 854 964 parentum
879 882 994 963 sibique
1017 901 1077 943 non

92 967 164 1031 solum
189 980 290 1032 notam
318 991 420 1033 verum
447 976 536 1034 etiam
565 976 645 1033 inter
673 974 809 1034 lactantis
832 973 971 1033 infantiae
996 973 1077 1033 rudi-

91 1069 165 1120 menta
186 1068 332 1140 reptatam
351 1064 427 1122 sicut
445 1064 595 1140 recepisse
614 1081 718 1140 parum
738 1064 931 1141 fructuosum,
955 1064 998 1121 sic
1016 1080 1077 1122 non
1092 1076 1117 1116 ιο

91 1152 229 1210 coemisse
258 1152 347 1210 nimis
374 1150 491 1210 videtur
517 1154 665 1229 ignavum.
712 1169 765 1231 ego
793 1168 863 1210 vero
887 1157 1001 1211 tantum
1025 1150 1076 1210 ob-

93 1238 194 1316 stringar
217 1237 350 1318 indultiS,
373 1257 406 1299 ac
430 1241 456 1298 si
478 1258 560 1300 meae
580 1240 715 1319 proficiat
732 1239 923 1320 peculiariter
941 1242 1075 1318 proprie-

91 1327 138 1405 tati,
161 1327 300 1406 quicquid
328 1345 412 1387 meus
435 1336 529 1388 aetate
558 1329 650 1389 frater
677 1330 862 1408 professione
890 1328 983 1407 lilius,
1011 1327 1075 1387 loco

92 1412 145 1473 ciris
164 1416 218 1476 lide
242 1417 355 1477 amicus
378 1420 534 1495 acceperit.
572 1417 644 1477 vale.

543 1660 598 1726 Vl.

246 1780 412 1837 SIDONIUS
431 1780 613 1836 IIUTROPIO
633 1782 701 1838 SUO
720 1782 897 1838 SALUTEM.
1090 1803 1117 1845 15

142 1890 163 1953 l.
185 1896 216 1955 Si
234 1897 343 1955 veteris
363 1894 537 1976 commilitii,
562 1897 587 1955 si
606 1895 746 1975 deinceps
765 1898 919 1957 innovatae
938 1915 993 1975 per
1012 1897 1075 1957 dles

93 1983 175 2051 gratiae
206 1983 282 2044 bene
312 1986 342 2044 in
370 1986 606 2062 praesentiarum
639 1985 711 2045 fides
739 1992 837 2045 vestra
865 1988 1076 2066 reminiscitur,

93 2069 196 2138 profecto
219 2072 391 2151 intellegitis
415 2080 448 2133 ut
470 2091 523 2132 vos
546 2074 582 2134 ad
606 2074 782 2154 dignitatum
807 2076 849 2134 sic
868 2092 922 2134 nos
942 2075 978 2135 ad
998 2075 1076 2135 desi·

94 2151 215 2222 donorum
238 2161 368 2223 culmina
391 2162 560 2222 ascendere.
600 2164 640 2223 ita
663 2181 790 2242 namque
815 2162 944 2224 fascibus
968 2166 1075 2224 vestris

93 2253 212 2316 uranu
235 2269 348 2331 omnes,
372 2258 405 2311 ut
428 2258 557 2311 erectam
579 2269 634 2330 per
656 2251 722 2312 illos
746 2271 806 2312 uon
829 2255 923 2332 magis
947 2260 1117 2312 vestramne

93 2327 184 2399 domum
211 2359 300 2419 quam
330 2348 462 2400 nostram
493 2342 651 2400 amicitiam
682 2360 865 2418 censeamus.
915 2343 1002 2401 testis
1030 2349 1076 2401 est

94 2415 128 2516 {lle
148 2433 296 2510 tractatus,
328 2431 359 2489 io
392 2447 450 2508 quo
478 2429 691 2490 exhortationis
721 2449 803 2490 meae
832 2448 891 2490 non
919 2433 1076 2492 minimum

94 2513 254 2579 ucilamenta
276 2516 440 2579 valuerunt.
485 2516 514 2579 2.
538 2517 646 2598 quibus
670 2521 717 2579 vix
740 2522 881 2599 potuistis
904 2519 1019 2600 adduci,
1042 2527 1075 2581 ut

94 2603 279 2670 praefecturam
302 2606 505 2687 philosophiae
529 2609 701 2689 iungeretis,
724 2627 793 2670 cum
816 2627 867 2668 vos
887 2611 1076 2669 consectanei

94 2687 160 2752 Vestri
182 2695 291 2756 Plotini
323 2695 510 2776 dogmatibus
542 2697 730 2759 inhaerentes
759 2697 793 2758 ad
823 2698 1001 2778 profundum
1030 2699 1075 2758 in-
1089 2712 1115 2753 11

95 2776 255 2858 irmpestivae
276 2787 385 2864 quietis
405 2788 498 2846 otium
516 2784 735 2847 Platonicorum
753 2786 900 2866 palaestra
918 2789 1075 2869 rapuisset,

93 2864 154 2928 tulus
173 2873 345 2954 disciplinae
369 2880 440 2934 tunc
464 2875 526 2934 fore
550 2875 683 2935 adstruxi
706 2874 831 2936 liberam
849 2876 1075 2958 professionem,

93 2965 142 3014 cun
159 2961 196 3022 nil
218 2962 346 3024 familiae
370 2962 533 3024 debuisses.
569 2981 658 3043 porro
678 2971 776 3024 autem
800 2964 931 3025 desidiae
950 2967 1076 3026 vicinior

94 3043 220 3112 rodatur
244 3059 432 3131 contemptus
455 3051 504 3111 ille
523 3052 654 3133 militiae,
678 3052 713 3112 ad
733 3072 822 3132 quam
841 3055 975 3114 iactitant
993 3054 1075 3114 lividi

94 3120 209 3200 bossahim
231 3142 361 3220 partium
383 3143 463 3201 viros
486 3159 546 3201 uon
568 3159 655 3220 posse
679 3144 778 3221 potius
801 3160 889 3222 quam
907 3142 985 3203 nolle
1005 3161 1074 3203 con·
1089 3164 1115 3205 oo

146 3329 157 3376 1
173 3326 252 3384 istius
266 3329 442 3399 malachana
455 3332 464 3400 ΙΙ
479 3334 511 3383 15
530 3336 614 3385 totam
627 3346 668 3399 ep.
688 3331 735 3385 VI
744 3347 794 3386 om.
810 3331 836 3384 T
850 3331 1078 3400 theodotionem

93 3398 113 3437 ²
126 3405 145 3444 v·
159 3415 180 3453 o.
197 3417 245 3457 ern.
261 3400 288 3454 L
306 3405 321 3467 11Ἰ
337 3405 371 3454 28
390 3399 535 3456 debuisses
554 3400 675 3472 LVM1,
695 3401 847 3460 debusset
866 3402 889 3461 U
908 3409 933 3460 et
954 3404 1042 3470 (corr.
1060 3415 1096 3453 11

94 3451 204 3521 debuisses
218 3470 364 3536 N‘leM’
370 3475 386 3539 l
