2414 3864
235 155 403 213 SIDONIUS
423 124 674 212 sucercro'soo
694 153 871 210 sionnam.
996 153 1059 219 163

70 324 192 367 anorum
206 307 384 367 sententiam
403 311 591 384 computatur
607 303 751 365 honorato
770 306 898 364 maximo
918 307 1059 366 minimus

70 395 210 474 ligiosus.
244 412 295 456 ora
317 413 372 474 pro
394 394 489 455 nobis.

505 637 595 704 XIII.

232 760 400 816 SIDONIUS
419 759 582 816 SULPIOIO
602 758 670 815 SUO
691 758 870 814 SALUTEM.

108 872 137 936 1.
162 873 313 936 Himerius
337 877 475 956 antistes,
498 875 577 936 filius
600 881 683 955 tuus,
705 880 794 934 notus
817 872 891 934 mibi
913 873 1057 935 hactenus

70 982 147 1025 num
166 963 258 1046 vultu,
277 965 349 1024 satis
369 965 517 1046 opinione,
536 982 611 1042 quae
630 962 751 1043 quidem
770 965 801 1023 in
818 962 926 1023 bonam
940 969 1054 1042 partem
1082 987 1096 1028 s

70 1051 265 1133 arrigebatur,
296 1051 474 1132 Lugdunum
496 1070 593 1132 nuper
616 1071 632 1113 a
656 1050 843 1112 Tricassibus
871 1053 965 1133 venit,
998 1071 1056 1132 quo

70 1144 98 1202 ci
121 1141 197 1201 mihi
219 1144 327 1220 raptim
350 1161 384 1202 ae
407 1141 537 1202 breviter
555 1143 707 1220 inspectus
727 1147 862 1201 sanctum
884 1143 1056 1221 episcopum
1128 1187 1130 1193 -

70 1249 172 1311 rpum,
204 1230 290 1291 facile
319 1232 487 1310 principem
516 1231 690 1310 pontificum
722 1228 953 1309 Gallicanorum,
985 1249 1055 1291 suae

70 1338 100 1380 m
131 1319 328 1398 professionis
369 1321 544 1398 magistrum
581 1337 670 1399 quam
706 1318 859 1397 dignitatis
896 1325 1056 1400 auctorem,

70 1427 157 1469 orum
186 1407 273 1469 nobis
306 1410 469 1469 imitatione
498 1410 637 1469 restituit.
684 1405 713 1468 2.
751 1408 824 1467 deus
856 1406 947 1487 bone,
979 1425 1096 1486 quae1o

70 1515 104 1558 ro
127 1515 255 1558 censura
274 1515 342 1558 cum
359 1504 523 1579 venustate,
546 1499 572 1557 si
596 1496 666 1577 quid
684 1496 731 1557 vel
750 1495 894 1556 deliberet
913 1495 989 1556 forte
1007 1496 1055 1557 rel

70 1583 176 1647 ladeatl
200 1585 330 1647 abundat
352 1587 444 1646 animi
468 1586 541 1667 sale,
565 1603 633 1646 cum
657 1584 835 1665 consulitur,
856 1583 958 1664 melle,
986 1603 1054 1645 cum

70 1674 175 1737 usulit.
200 1693 314 1735 summa
335 1675 450 1735 bomini
473 1693 543 1736 aura
567 1675 603 1735 de
626 1675 744 1755 litteris,
768 1673 820 1734 sed
837 1675 966 1734 maxime
985 1674 1054 1735 reli·
1128 1687 1130 1691 ’

70 1767 144 1846 osis,
175 1765 208 1824 in
232 1763 339 1842 quibus
369 1782 438 1825 eum
467 1766 561 1843 magis
594 1770 719 1842 occupat
748 1762 878 1824 medulla
910 1781 1053 1824 sensuum

70 1871 126 1913 ram
151 1871 254 1932 spuma
276 1852 443 1913 verborum.
467 1860 528 1914 tota
551 1853 595 1914 illi
615 1854 763 1913 actionum
783 1870 902 1913 suarum
926 1854 1052 1914 intentio
1068 1872 1094 1914 1o

70 1942 175 2002 leritas
198 1959 281 2002 mora
304 1941 440 2002 Christus
468 1948 522 2002 est.
569 1941 706 2021 quodque
733 1943 844 2001 mirere
872 1941 918 2002 vel
941 1941 1053 2023 laudes,

70 2031 112 2091 bil
153 2022 282 2090 otiosum
327 2029 410 2112 lacit,
455 2049 523 2091 cum
563 2030 639 2091 nihil
679 2030 768 2092 faciat
808 2049 868 2091 non
910 2034 1051 2109 quietum.

89 2121 210 2181 ieiuniis
239 2119 416 2199 delectatur,
448 2118 584 2180 edulibus
613 2120 791 2200 adquiescit3
820 2118 878 2179 illis
910 2119 1051 2180 adhaeret

71 2216 160 2288 opter
182 2207 428 2268 consuetudinem
451 2210 563 2288 crucis,
590 2210 656 2269 istis
687 2208 816 2269 flectitur
839 2215 961 2287 propter
984 2226 1049 2286 gra-

70 2316 107 2358 rm
131 2298 276 2358 caritatis:
314 2315 428 2357 summo
451 2304 610 2376 utrumque
638 2297 853 2376 moderamine,
877 2299 946 2374 quia
970 2315 1049 2356 com·
1063 2319 1090 2360 no

70 2389 153 2467 imit,
176 2388 314 2466 quotiens
336 2385 482 2465 prandere
506 2389 621 2466 statuit,
651 2385 761 2466 gulam,
793 2387 930 2464 quotiens
959 2384 1051 2446 absti-

70 2494 122 2557 re,
146 2476 325 2536 iactantiam.
355 2475 451 2536 officia
483 2474 659 2555 multiplicat
690 2477 824 2554 propria,
846 2476 918 2534 vitat
942 2474 1049 2556 aliena3

70 2583 163 2644 mque
187 2566 246 2642 ipsi
268 2565 401 2624 vicissim
420 2564 522 2624 deceat
542 2567 667 2643 occurri,
685 2565 798 2642 gratius
821 2561 918 2644 habet,
942 2565 969 2623 si
993 2563 1051 2624 sibi

70 2660 156 2716 utnus
184 2653 279 2713 bonos
306 2650 450 2713 debeatur
480 2671 564 2731 mage
597 2671 685 2732 quam
717 2652 905 2730 rependatur.
951 2648 981 2713 4.
1018 2655 1050 2714 in

70 2745 169 2802 nririo
193 2743 301 2802 itinere
325 2760 468 2802 consessu
490 2742 681 2803 inferioribus
704 2741 796 2821 cedit3
819 2759 877 2819 quo
901 2742 943 2822 lit,
965 2747 998 2802 ut
1017 2761 1049 2802 se
1063 2764 1089 2805 as

70 2834 81 2890 i
108 2831 312 2911 voluptuosius
340 2829 426 2891 turba
453 2837 611 2910 postponat
638 2832 834 2910 superiorum.
882 2848 1050 2892 sermonem

70 2922 163 2980 ,auimo
186 2927 421 2998 temperamento
445 2938 512 2980 cnm
536 2920 731 2999 conloquente
755 2919 1049 3000 dispensatioque

70 3025 96 3069 tn
113 3012 226 3088 patitur
247 3009 338 3069 ullam
361 3016 411 3069 aut
434 3009 642 3070 verecundiam
661 3017 801 3069 externus
821 3014 871 3068 aut
894 3009 1048 3070 familiaris

70 3098 189 3179 duriam,
222 3105 272 3158 aut
304 3097 443 3158 credulus
475 3098 616 3158 invidiam
648 3105 698 3158 aut
730 3100 866 3158 curiosus
899 3098 1049 3178 repulsam

70 3367 76 3378 ·
109 3311 122 3357 1
140 3303 262 3358 maximo
283 3304 309 3357 L
328 3311 353 3359 ct
372 3308 453 3373 (corr.
473 3307 505 3359 tn
523 3304 644 3358 maxime
662 3304 765 3373 N¹)N,
789 3303 911 3359 maxime
930 3305 968 3358 M
972 3304 1024 3358 CT
1043 3304 1046 3375 l

70 3373 165 3430 mimus
181 3376 367 3444 Loetjoboma,
386 3378 477 3428 minus
492 3375 592 3437 LMO,
612 3374 730 3442 quisque
746 3377 772 3429 Τ
783 3379 792 3446 ΙΙ
807 3382 822 3428 2
837 3393 887 3430 ora
900 3393 950 3444 pro
965 3373 1047 3428 nobis

70 3441 136 3515 NT,
149 3447 211 3502 vale
228 3447 292 3502 VM
296 3447 319 3500 O
329 3451 338 3516 ΙΙ
353 3453 384 3500 11
400 3446 446 3500 vel
457 3453 521 3515 post
531 3446 597 3514 quid
608 3464 669 3517 esp.
680 3447 713 3501 N
715 3448 733 3515 ¹,
747 3464 801 3504 orn.
812 3448 902 3503 Meu
914 3450 975 3517 llis
984 3445 1053 3498 edu-

70 3528 81 3564 3
106 3518 184 3589 MCll
198 3523 233 3572 24
250 3517 340 3572 honor
357 3520 383 3588 (r
400 3535 468 3575 corr.
488 3521 521 3576 iat
541 3537 553 3575 s
574 3519 733 3594 M¹lMTb

863 3607 920 3664 it*
