2414 3864
146 121 213 187 274
551 122 704 178 CARMEN
721 121 756 179 V.

236 274 363 332 sustinet
386 274 491 332 armati
515 291 614 351 55555,
638 274 801 350 interprete
825 272 881 333 sub
905 291 964 352 quo

235 361 365 421 flectitur
388 361 424 421 ad
447 367 561 421 vestras
584 379 656 439 gens
680 361 770 421 ellera
794 359 1005 423 condiciones?

235 450 306 528 qnid
329 449 449 511 laudare
471 450 592 510 Petrum
615 451 727 530 partie,
749 453 908 511 temeraria
932 451 1007 532 Clio,

234 538 348 599 viribus
371 536 563 617 aggrederis?
604 541 689 600 cuius
713 539 851 617 dignatur
873 539 910 601 ab
934 559 985 600 ore

164 641 214 690 550
235 628 343 689 Caesar
365 631 397 688 in
421 627 491 688 orbe
515 627 610 708 loqui,
632 627 702 688 licet
725 636 755 688 ct
778 635 937 707 quaestore
961 623 1148 690 diser‘ssto

233 717 355 798 polleat3
379 723 508 776 attamen
530 716 580 777 hic
602 735 712 798 nuper,
734 716 936 796 placidissime
959 720 1167 798 prim‘jers,

233 805 335 866 obside
359 812 500 885 percepto
524 813 642 866 nostrae
667 805 703 865 de
727 805 884 866 moenibus
909 806 993 867 urbis

232 893 397 954 visceribus
421 896 541 955 miseris
564 897 711 955 insertum
734 894 848 975 depulit
872 913 984 956 ensem.

234 991 263 1043 et
286 985 353 1062 quia
378 982 494 1042 lassatis
517 986 642 1044 nimium
667 1001 734 1063 spes
758 987 846 1045 unica
869 984 960 1045 rebus

161 1073 354 1152 tremuisti,
378 1073 502 1153 nostrie,
524 1075 668 1152 petimus,
692 1091 833 1134 succurre
857 1075 954 1134 ruinis

231 1159 466 1239 Lugdunumque
490 1169 585 1242 tuam,
609 1161 680 1221 dum
702 1163 862 1242 praeteris,
886 1164 987 1241 aspice
1010 1156 1152 1222 victor:

230 1252 289 1310 otia
311 1257 379 1328 post
401 1251 509 1310 nimios
532 1252 630 1329 poscit
651 1256 681 1310 te
704 1250 797 1311 fracta
818 1249 945 1313 labores.

231 1341 279 1399 cui
301 1357 405 1417 pacem
429 1339 494 1420 dae,
518 1338 608 1399 redde
632 1341 777 1400 animum:
800 1339 909 1401 lassata
932 1342 1058 1402 iuvenci

232 1430 332 1488 cervix
355 1428 490 1507 deposito
513 1427 620 1488 melius
644 1435 711 1507 post
735 1429 829 1490 sulcat
852 1435 950 1490 aratro

159 1529 210 1578 580
229 1516 346 1577 telluris
369 1515 501 1594 glaebam
525 1516 644 1577 solidae.
690 1516 778 1598 bove,
802 1519 900 1598 fruge,
925 1517 1044 1599 colono,

230 1604 343 1666 civibus
367 1605 508 1665 exhausta
531 1612 585 1666 est.
632 1609 737 1666 stantis
761 1608 879 1668 fortuna
902 1606 1026 1689 latebat3

230 1695 300 1754 dum
324 1697 451 1775 capitur,
474 1713 526 1754 vae
547 1703 654 1773 quanta
673 1693 744 1756 fuiti
776 1703 845 1775 post
863 1696 984 1778 gaudia,
1007 1694 1164 1776 princeps,

229 1783 355 1844 delectat
378 1785 550 1843 meminisse
573 1783 652 1844 mali.
698 1785 901 1865 populatibus,
926 1787 991 1864 igni

229 1874 285 1931 etsi
309 1872 493 1932 concidimus
499 1920 508 1952 ‚
531 1874 654 1933 veniens
677 1881 777 1934 tamen
800 1876 899 1935 omnia
922 1880 1023 1935 tecum

156 1973 208 2021 585
227 1962 375 2020 restituis:
399 1960 508 2021 fuimns
531 1964 624 2021 vestri
647 1964 716 2041 quia
739 1981 827 2023 causa
850 1963 1009 2045 triumphi,

227 2051 291 2128 ipsa
314 2052 400 2109 ruina
422 2049 527 2128 placet.
573 2069 640 2110 cum
664 2053 758 2111 victor
781 2052 925 2113 scandere
950 2066 1066 2113 currum

226 2140 353 2217 incipies
376 2141 548 2217 crinemque
573 2157 689 2200 sacrum
713 2139 768 2200 tibi
791 2158 874 2201 more
897 2143 1033 2220 priorum

225 2234 324 2288 nectet
347 2227 483 2309 muralis,
505 2227 636 2309 55115555,
660 2230 752 2289 civica
774 2229 877 2291 laurus

226 2324 255 2376 et
278 2334 382 2394 regum
405 2318 551 2395 aspicient
574 2316 717 2397 Capitolia
740 2318 818 2378 iulva
841 2326 978 2401 catenas,

153 2417 205 2466 595
226 2423 293 2465 cum
316 2408 425 2466 vesties
447 2404 571 2465 Romam
596 2405 712 2487 spoliis,
735 2425 802 2468 cum
826 2407 917 2469 divite
941 2427 1009 2469 cera

224 2496 329 2573 pinges
353 2494 460 2572 Cinyfii
483 2496 597 2573 captiva
620 2495 744 2574 mapalia
767 2496 891 2578 Bocchi,

224 2585 287 2662 ipse
310 2601 364 2662 per
388 2583 539 2643 obstantes
561 2583 686 2663 populos
709 2603 875 2664 raucosque
898 2586 1028 2666 fragores

222 2672 397 2750 praecedam
420 2679 450 2732 et
471 2675 568 2752 tenui,
591 2676 669 2733 sicut
691 2691 784 2755 nunc,
808 2676 939 2735 carmine
963 2675 1051 2735 dicam

222 2768 251 2820 te
275 2763 406 2839 geminas
430 2759 531 2841 Alpes,
555 2761 656 2840 Syrtes
680 2770 723 2843 te,
746 2769 774 2822 te
798 2781 881 2824 mare
905 2781 1048 2842 magnum,

151 2861 202 2909 595
222 2857 251 2909 55
275 2851 363 2930 freta,
386 2857 415 2910 te
438 2848 563 2928 Libycas
587 2853 699 2930 pariter
722 2851 874 2912 domuisse
897 2860 1040 2932 catervan,

224 2946 290 2998 ante
314 2946 412 2998 tamen
435 2940 543 2999 vicisse
566 2939 648 3000 milri.
694 2939 772 3019 qnod
796 2940 909 3001 lumina
932 2941 1025 3002 llectis

226 3027 363 3106 quodque
388 3036 523 3088 serenato
546 3031 671 3089 miseros
694 3031 753 3089 iam
776 3032 902 3109 respicis
921 3049 987 3111 ore,

222 3115 354 3176 exultare
378 3116 462 3177 libet:
485 3119 622 3198 memini,
647 3136 715 3178 cum
737 3136 860 3198 parcere
882 3118 987 3200 velles,

203 3345 255 3395 573
275 3341 381 3412 ensem]
400 3340 512 3396 hostem
531 3342 568 3395 M
572 3340 660 3397 (Μ’Ει
672 3345 682 3413 ll
696 3347 747 3397 ote
767 3343 816 3411 qui
836 3341 880 3411 Ol}
894 3348 946 3398 590
965 3301 1168 3429 555551115ΓῆΙ

130 3412 218 3465 vesus
239 3412 282 3465 ’Ν
308 3413 317 3479 ΙΙ
344 3417 397 3466 594
416 3411 524 3482 Syrtes,
546 3413 633 3482 Alpes
651 3416 680 3468 55
704 3415 901 3483 5755555555
923 3416 970 3471 sed
987 3415 1022 3484 cs.
1034 3375 1156 3472 Sall
1168 3410 1179 3491 Ἰ

124 3487 197 3552 3335
214 3484 349 3542 Proderit.
366 3485 463 3559 periet.
477 3485 523 3555 ΙΙ,
536 3488 590 3541 538
606 3484 684 3572 binis
699 3488 822 3542 remotos
840 3485 962 3556 Alpibus
975 3488 985 3557 ΙΙ
