2414 3864
467 159 682 218 PRAEFATIO.
1056 162 1082 214 V

72 310 171 390 Neque
192 312 274 371 enim
288 310 486 371 Gustafssonii
502 310 537 370 de
552 309 640 371 buius
654 309 724 369 libri
738 309 836 370 indole
852 313 984 389 quamvis
1000 319 1084 372 acuta

71 400 268 479 disputatione
289 394 393 482 (‘Berl.
407 399 506 478 philol.
520 394 743 459 Wochenschr.'
759 395 844 460 1889
859 417 886 477 p.
904 397 990 461 1365
1004 394 1083 485 sqq.)

70 489 245 568 persuaderi
262 488 337 548 mihi
355 490 451 567 potuit
470 487 553 549 illum
573 482 633 570 (vel
651 487 824 548 Vaticanum
839 482 940 571 3421)
961 488 1083 566 dignum

70 597 147 660 esse,
185 580 235 638 cui
266 579 388 656 propria
420 584 450 637 et
479 576 637 655 singularis
671 579 830 637 auctoritas
863 577 1084 659 attribueretur,

72 667 121 727 sed
154 685 189 726 re
222 668 332 727 iterum
365 684 398 726 ac
432 668 549 745 saepius
587 667 751 725 examinata
787 667 955 726 etiamnunc
991 665 1085 727 Leoni

71 757 233 836 assentior,
266 757 318 834 qui
351 773 419 815 eum
450 762 484 815 ut
515 756 644 833 graviter
675 753 885 833 interpolatum
915 773 951 815 ex
980 755 1084 815 eodem

69 845 145 905 unde
160 843 184 903 F
200 843 267 904 etP
287 843 448 922 exemplari
467 845 612 921 originem
632 843 752 904 duxisse
767 843 934 905 arbitratur.
972 843 1083 905 Tamen

70 936 99 993 in
120 934 179 993 hac
203 934 378 1012 quaestione
403 950 472 992 sane
496 931 608 992 difficili
632 938 665 992 ut
689 931 754 992 aliis
774 950 891 1011 quoque
911 935 958 994 sui
977 933 1080 993 iudicii

70 1021 232 1082 adhibendi
254 1021 378 1082 facultas
402 1021 534 1101 daretur,
557 1021 646 1081 huius
666 1020 735 1081 libri
752 1020 895 1082 lectiones
914 1039 1002 1100 quam
1020 1021 1083 1100 ple-

71 1113 210 1171 nissimas
242 1112 445 1170 necessarium
475 1112 571 1170 visum
598 1116 643 1170 est
670 1117 798 1171 enotare.
844 1109 925 1171 luter
953 1129 1004 1171 eos
1033 1114 1084 1190 qni

71 1207 185 1260 restant
209 1198 327 1259 codices
350 1200 514 1278 principem
538 1198 637 1259 locum
660 1199 794 1259 obtinere
817 1198 999 1260 Laudianum
1024 1218 1084 1260 non

72 1288 166 1349 solum
191 1307 229 1348 ex
248 1289 372 1349 vetustis
395 1287 604 1348 vocabulorum
627 1288 730 1347 lormis
754 1295 783 1348 et
807 1287 1015 1366 orthographia
1034 1289 1084 1349 ad-

72 1377 192 1438 modum
230 1375 415 1436 memorabili
449 1383 585 1457 apparct,
617 1394 718 1457 quam,
755 1376 851 1455 quoad
883 1376 948 1436 fieri
979 1380 1085 1459 potuit,

74 1466 170 1526 dedita
196 1483 287 1544 opera
310 1467 420 1525 retinui
450 1458 573 1548 (scripsi
602 1467 694 1544 igitur
722 1473 883 1544 praeeunte
909 1464 1085 1545 plerumque

72 1554 278 1634 Luetjohanno
302 1557 388 1615 aedis
413 1551 580 1632 [nominat]
609 1556 739 1632 itemque
767 1558 852 1615 malis
874 1556 986 1615 subolis
1010 1558 1083 1616 balt-

73 1662 159 1706 acum
184 1645 376 1720 bybliotheca
399 1651 539 1704 creterra
563 1642 733 1719 defraudare
757 1646 962 1705 deversorium
986 1662 1009 1704 s.
1034 1648 1083 1705 de·

73 1736 242 1794 versarium
262 1731 384 1807 faetere
401 1733 551 1793 Garunna
569 1735 684 1793 hisdem
707 1735 827 1794 lucusta
851 1736 951 1809 lyater
974 1751 1082 1794 maxa-

70 1840 132 1883 mus
168 1824 354 1898 pedisequus
387 1824 544 1897 pomoeria
585 1823 691 1896 robipo
732 1825 906 1882 scaturrr're
945 1826 1082 1899 scorpios

70 1913 220 1972 veraedos
247 1902 372 1992 alia)*)‚
396 1909 448 1969 sed
471 1911 565 1988 magis
588 1911 677 1970 etiam
701 1928 737 1969 ex
760 1909 897 1988 plurimis
921 1909 1008 1991 lociS‚
1031 1910 1084 1971 ubi

71 2001 132 2060 siue
166 1997 256 2059 dubio
285 1998 331 2058 vel
360 2016 438 2059 unus
468 2017 484 2057 e
513 2017 564 2058 sex
594 1997 653 2059 illis
681 1997 767 2058 libris
797 1998 843 2058 vel
873 2017 941 2058 cum
969 2017 1028 2059 uno
1052 2007 1082 2060 et

71 2087 161 2148 altero
194 2105 294 2146 veram
329 2085 486 2148 lectionem
524 2088 662 2167 servavit,
696 2085 834 2167 aliisque,
866 2087 918 2147 ubi
954 2090 1081 2148 maiores

71 2179 237 2236 minoresve
264 2174 384 2236 lacunas
417 2178 449 2235 in
480 2178 588 2236 ceteris
619 2175 771 2236 codicibus
804 2175 986 2237 oblitteratas
1016 2179 1081 2255 ipso

72 2267 164 2344 spatio
183 2267 264 2325 inter
281 2263 370 2325 verba
389 2263 493 2325 relicto
511 2264 630 2325 indicat.
667 2264 748 2334 Quae
763 2263 884 2327 lacunae
898 2266 977 2325 unde
997 2272 1079 2325 ortae

72 2356 137 2435 sint,
157 2361 259 2414 utrum
276 2352 415 2414 librarius
435 2353 579 2432 quaedam
596 2360 719 2433 propter
738 2353 935 2414 difficiliorem
955 2356 1081 2432 scriptu-

71 2460 131 2503 ram
155 2441 255 2520 legere
277 2460 337 2502 non
361 2444 492 2521 potuerit
515 2460 552 2502 an
575 2441 752 2521 archetypus
775 2443 822 2502 his
846 2442 932 2522 locis,
955 2442 1080 2503 fortasse

71 2532 150 2613 igue,
173 2530 271 2590 laesus
295 2530 399 2612 luerit,
427 2549 486 2591 non
510 2533 568 2591 iam
591 2539 689 2610 potest
717 2531 887 2611 diiudicari3
915 2549 983 2591 nam
1011 2533 1080 2592 inde

70 2622 115 2680 vix
146 2621 306 2698 quicquam
333 2622 408 2680 certi
435 2621 578 2700 conicias,
607 2620 685 2698 quod
713 2619 884 2680 huiusmodi
907 2619 965 2680 loci
987 2639 1080 2700 prope

71 2726 172 2769 omnes
196 2710 227 2768 in
251 2710 356 2786 primis
379 2709 459 2769 soliis
487 2711 686 2769 inveniuntur.
733 2708 798 2769 Non
821 2707 947 2769 multum
969 2728 1025 2788 per
1049 2728 1080 2770 se

70 2798 125 2876 ipsi
149 2798 334 2858 auctoritatis
357 2797 467 2858 babent
489 2797 513 2856 Τ
537 2804 566 2857 et
588 2797 624 2858 M.
671 2797 722 2857 llle
751 2798 830 2858 enim
859 2816 927 2858 cum
950 2800 1081 2878 interpo-

70 2885 228 2946 lationibus
248 2892 371 2967 scateat,
395 2889 422 2946 si
441 2887 512 2965 quid
535 2888 669 2965 quamvis
693 2905 760 2946 raro
779 2886 931 2965 probabile
950 2888 1081 2968 praebet,

137 3093 164 3162 ³)
182 3091 226 3146 Ne
244 3091 275 3145 in
294 3090 499 3146 assimilatione
518 3090 630 3160 quidem
651 3092 868 3147 consonantium
882 3092 1081 3161 aequabilitati

70 3163 165 3217 studui
183 3162 234 3217 sed
257 3161 422 3217 codicemL
444 3162 577 3232 religiose
601 3167 714 3218 secutus
738 3181 807 3219 sum.
846 3164 877 3218 ld
900 3164 1080 3218 111111111-

68 3251 143 3288 mum
161 3233 295 3289 inducere
314 3251 369 3287 non
387 3234 477 3303 potui,
496 3239 528 3288 ut
546 3237 649 3290 coaiaa
667 3238 769 3306 quoties
788 3238 867 3291 toties
884 3252 970 3305 arpos
984 3252 1079 3290 coasu-

70 3307 123 3362 tart
142 3305 305 3373 scriberem
329 3322 498 3374 quamquam
522 3308 662 3361 consulari
681 3306 795 3374 quidem
813 3305 1009 3375 paronomosia
1027 3305 1080 3359 illa

69 3375 259 3433 commendari
281 3376 393 3431 videtur
416 3392 458 3447 ep.
473 3376 524 3444 VI,
541 3383 599 3446 1,1
624 3379 726 3448 aliquas
749 3380 797 3448 qai
821 3394 909 3432 omnes
932 3378 1080 3432 consuleris

68 3449 191 3517 infirmos
208 3449 308 3519 qouque
325 3449 420 3504 meato
443 3449 478 3504 ab
497 3451 620 3505 cruribus
643 3449 809 3508 consularis.
847 3448 1090 3521 0111111111-

67 3519 145 3573 nium
162 3518 296 3573 librorum
315 3535 449 3576 consensu
467 3519 580 3581 nititur.
