2414 3864
132 145 175 210 80
488 143 596 198 uranu
615 143 791 211 ounnrus

130 295 245 355 litteras
265 293 434 355 excolendis
454 294 604 373 dispendii
620 294 748 355 multum
771 297 884 356 caritas
903 297 1041 376 sustinet,
1062 296 1108 354 sia

130 402 188 444 usu
202 384 414 462 frequentioris
428 383 551 462 alloquii
565 386 744 462 portitorum
758 385 872 444 vilitate
887 392 1052 446 revocetur.
1073 378 1108 443 val

595 608 685 676 VIII.

335 730 505 787 SIDONIUS
524 731 662 786 uuomo
682 731 750 788 suo
771 731 949 789 saturnu.

202 844 230 907 1.
255 845 330 907 Cum
352 845 524 906 tabellarius
547 845 622 905 mihi
644 845 760 907 litteras
783 853 849 906 tuas
873 846 1017 928 reddidit,
1045 849 1095 926 qui

105 936 269 998 sl'olosam
301 952 372 1013 rege
404 934 562 995 mandante
594 952 663 994 mox
693 935 900 1014 profecturum
927 939 1019 997 certis
1047 938 1108 996 ami

132 1024 343 1104 confitebatur,
370 1041 425 1083 nos
459 1041 577 1102 quoque
605 1041 641 1084 ex
670 1025 778 1104 oppido
806 1024 893 1103 longe
922 1032 1071 1086 remotum
1097 1043 1108 1084 r

133 1114 314 1193 petebamus.
366 1131 413 1173 me
447 1113 567 1192 quidem
600 1131 686 1174 mane
718 1116 815 1193 primo
848 1122 1030 1175 remoratum
1057 1116 1105 1174 vix

132 1205 230 1264 tenaci
253 1211 370 1264 caterva
393 1208 620 1281 prosecutorum
643 1205 767 1281 paginae
786 1210 854 1263 tuae
874 1205 992 1263 occasio
1011 1222 1108 1264 excuss

132 1300 166 1354 ut
189 1294 359 1353 satisfacere
383 1291 520 1351 mandato
545 1291 641 1351 saltim
666 1294 761 1353 viator
785 1291 883 1352 saltim
906 1311 999 1371 eques
1022 1311 1108 1373 posse

94 1408 119 1446 ιο
135 1380 163 1442 2.
192 1389 324 1443 ceterum
356 1380 486 1440 diluculo
515 1379 625 1441 lamilIa
652 1388 856 1460 praecesserat
884 1381 920 1441 ad
948 1382 1108 1461 duodevigi

133 1471 214 1532 milia
241 1489 384 1551 passuum
413 1470 507 1529 fixura
534 1473 710 1551 tentorium,
738 1488 796 1549 quo
826 1470 946 1549 quidem
973 1470 1032 1531 loci
1061 1490 1108 1532 sar

133 1560 211 1620 nulis
235 1560 402 1621 relaxandis
421 1557 513 1618 multa
533 1559 697 1620 succedunt
715 1559 923 1641 conducibilia,
947 1560 1015 1620 lons
1034 1560 1108 1638 gelid

133 1651 165 1709 in
188 1649 262 1709 colle
286 1666 454 1728 nemoroso,
478 1647 615 1708 subditus
639 1665 708 1727 ager
731 1648 833 1708 herbis
855 1647 1019 1729 abundans,
1042 1649 1108 1709 fluvi

133 1745 200 1798 ante
225 1737 326 1799 oculos
350 1737 453 1798 avibus
477 1755 510 1797 ac
537 1739 620 1816 pisce
645 1737 738 1797 multo
762 1739 905 1818 refertus,
934 1745 1055 1817 praeter
1077 1738 1108 1798 ha

93 1851 119 1890 15
133 1829 264 1887 iunctam
289 1825 402 1887 habens
426 1828 508 1905 ripae
532 1826 654 1886 domum
675 1844 781 1886 novam
805 1834 889 1887 vetus
913 1829 1041 1907 amicus,
1065 1829 1108 1888 cui

133 1919 285 1976 inmensae
309 1916 485 1976 humanitati
507 1932 564 1975 nec
588 1917 613 1975 si
632 1915 807 1994 adquiescas
826 1934 882 1976 nec
901 1918 927 1976 si
946 1935 1069 1977 recuses
1088 1935 1108 1975 u

112 2005 205 2064 ¹dum
231 2023 332 2084 ponas.
379 2003 408 2066 3.
436 2006 528 2082 igitur
555 2005 613 2064 huo
645 2006 756 2064 nostris
789 2004 1051 2087 antecedentibus,
1083 2024 1109 2065 cr

133 2095 177 2154 tui
201 2112 289 2154 causa
313 2092 559 2174 substitissemus,
583 2111 641 2172 quo
665 2111 741 2172 puer
764 2096 847 2153 ocius
866 2093 912 2154 vel
936 2113 952 2155 e
972 2097 1069 2173 capite
1091 2113 1108 2151 v

133 2185 350 2263 remitteretur,
378 2184 437 2243 iam
461 2182 535 2242 duae
560 2182 707 2242 secundae
731 2182 816 2243 lacile
839 2190 1064 2263 processerant,
1090 2185 1108 2242 ir

94 2293 119 2334 no
134 2272 178 2332 sol
206 2271 324 2334 adultus
352 2272 486 2332 roscidae
514 2273 611 2333 noctis
640 2289 776 2333 umorem
799 2271 881 2331 radio
906 2279 1061 2333 crescente
1085 2290 1108 2331 st

132 2361 250 2444 buerat3
279 2368 378 2422 aestus
407 2379 440 2421 ac
471 2362 536 2420 sitis
565 2359 798 2442 invalescebant,
827 2367 915 2439 atque
943 2363 975 2421 in
1003 2361 1108 2440 proluu

133 2453 292 2512 serenitate
317 2457 419 2512 contra
442 2449 571 2510 calorem
591 2448 652 2509 sola
672 2467 747 2528 quae
766 2456 882 2528 tegeret
900 2448 1009 2510 nebrda
1029 2451 1064 2511 de
1083 2469 1108 2528 pr

133 2558 215 2621 vere3
243 2548 307 2601 tum
330 2539 531 2618 longinquitas
553 2541 618 2598 viae
641 2556 696 2617 per
719 2540 818 2599 virens
843 2556 954 2617 aequor
977 2541 1075 2618 campi
1097 2556 1108 2617 p

132 2631 224 2689 tentis
244 2631 376 2709 exposita
395 2626 569 2708 visentibus,
594 2629 704 2707 quippe
724 2626 760 2687 ob
780 2627 837 2687 hoc
855 2629 956 2706 ipsum
974 2645 1043 2689 sero
1061 2645 1108 2707 pra

93 2736 120 2777 25
135 2720 226 2798 suris,
259 2716 478 2797 ingemebatur3
515 2735 583 2776 nam
616 2718 747 2776 viaturos
780 2718 837 2777 etsi
868 2716 1002 2777 noudum
1034 2715 1108 2777 terel

133 2805 243 2887 labore,
267 2809 327 2866 iarn
349 2814 449 2867 tamen
473 2808 678 2884 expectatione
701 2804 841 2866 terrebat.
888 2803 918 2866 4.
944 2824 1020 2884 quae
1044 2823 1108 2866 cum

133 2897 309 2975 praemissa,
342 2895 460 2955 domine
493 2895 597 2975 irater,
629 2893 688 2954 huc
710 2894 850 2975 tendunt,
882 2902 915 2955 ut
942 2893 999 2954 tibi
1026 2893 1108 2974 probo

133 3001 230 3061 neque
261 2987 359 3043 animo
389 3001 507 3044 vacasse
536 3001 583 3044 me
613 2982 738 3044 multum
771 3001 868 3063 neque
898 3001 1024 3063 corpore
1052 3001 1108 3061 neq

133 3169 202 3208 corr.
216 3155 248 3208 iu
262 3153 449 3223 despicabiles
459 3155 510 3220 N‘,
524 3154 612 3209 ferme
626 3171 694 3209 corr.
710 3171 744 3209 ex
757 3154 829 3208 form
859 3159 892 3208 tot
904 3172 928 3210 o.
944 3153 1031 3224 V¹)N
1039 3153 1108 3209 Vqr

134 3223 317 3294 despicabilis
338 3230 403 3279 sunt
419 3227 527 3280 formae
541 3224 612 3295 Μἰι
626 3230 642 3278 3
661 3227 742 3281 tneor.
759 3242 810 3280 om.
864 3227 873 3295 ΙΙ
888 3231 903 3279 ‘1
922 3228 1108 3280 remoratum«

133 3313 155 3352 s.
174 3297 191 3350 l.
211 3297 275 3352 add.
295 3297 327 3350 N
331 3297 442 3366 1M1)N
444 3298 542 3366 Mor,
562 3298 704 3351 moratum
722 3297 749 3351 L
762 3301 801 3364 119
820 3295 927 3366 possim
947 3296 1004 3352 Lo
1023 3299 1033 3366 ΙΙ
1057 3302 1108 3351 19:

134 3367 188 3421 cilo
202 3384 252 3423 om.
268 3367 304 3435 L,
321 3384 342 3422 s.
358 3369 374 3423 l.
390 3370 453 3423 odd.
465 3369 499 3422 N
500 3369 508 3400 ¹
522 3371 578 3440 1121
599 3369 696 3440 atque]
713 3370 829 3436 eratque
843 3367 1022 3437 lamponem
1035 3372 1045 3436 l
1058 3371 1091 3421 25
1104 3365 1108 3418 l

133 3439 200 3493 bore
219 3438 332 3493 terebat
351 3439 399 3510 Ol
421 3445 455 3494 nt
474 3439 529 3494 hue
547 3442 580 3494 iu
596 3457 651 3495 ras.
671 3441 736 3495 odd.
756 3440 812 3508 Μ’,
831 3456 881 3495 om.
903 3439 956 3510 Ol
979 3445 1014 3495 28
1032 3453 1108 3494 vocas

123 3526 173 3564 me
188 3511 292 3582 AM}
313 3527 360 3567 me
379 3527 497 3569 vacasse
518 3510 606 3584 MGl
