2414 3864
246 163 416 221 SIDONIUS
435 163 644 220 CLAUDIANO
664 164 732 221 SUO
752 165 931 221 SALUTEM.
1054 165 1097 231 75

13 362 24 386 .,
113 311 222 376 adversus
245 334 327 396 eum,
356 334 445 394 quem
468 322 571 376 contra
593 315 736 395 loquitur,
768 322 895 396 exertat,
921 334 1038 376 morum
1062 335 1096 376 ac

20 399 33 480 ἶ
113 402 246 465 studiomm
273 404 392 484 linguae
420 407 576 484 utriusque
601 403 763 483 symbolam
786 407 851 464 iure
876 404 934 465 sibi
957 406 1095 466 vindicat.

10 484 12 489 ’
112 495 178 553 sentit
196 501 227 554 nt
243 493 425 573 Pythagoras
449 493 554 555 dividit
572 501 606 554 ut
625 493 771 574 Socrates,
796 493 923 572 explicat
940 502 974 555 ut
991 493 1095 555 Platon

10 575 31 657 f
111 577 213 658 inplicat
238 590 273 644 ut
295 582 484 663 Aristoteles,
512 590 546 643 ut
568 583 731 643 Aeschines
759 581 910 643 blanditur
933 591 967 644 ut
989 582 1095 643 Demo-

10 684 26 757 Γ·
110 667 202 732 sthenes
219 673 369 752 irascitur,
387 679 491 732 vernat
509 678 542 732 ut
559 671 738 732 Hortensius
758 679 872 733 aestuat
890 681 924 733 ut
938 672 1095 754 Cethegus,
1123 695 1136 736 a

10 762 25 776 ⁴
109 755 188 820 incitat
210 767 243 821 nt
271 760 362 822 Curio
389 768 522 821 moratur
549 767 583 821 ut
609 759 731 841 Fabius,
763 760 882 822 simulat
908 769 942 822 ut
970 760 1095 822 Crassus

12 915 18 927 ,.
108 841 246 910 dissimulat
268 857 303 910 ut
325 849 447 930 Caesar,
470 849 575 910 suadet
597 856 631 910 ut
654 849 725 910 Cato
750 850 903 911 dissuadet
926 858 960 912 ut
982 852 1095 931 Appius

106 939 238 1007 persuadet
266 944 302 999 ut
329 937 452 1000 Tullius.
499 937 527 1000 7.
555 941 615 998 iam
643 941 668 998 si
699 939 734 999 ad
764 948 968 1001 sacrosanctos
994 948 1095 1019 patres

10 1036 13 1095 ζ
106 1035 147 1095 pro
162 1029 374 1107 comparatione
392 1030 537 1108 veniatur,
557 1029 680 1088 instruit
697 1035 731 1088 nt
749 1027 947 1108 Hieronymus
967 1030 1095 1091 destruit

10 1123 12 1126 ’
93 1111 302 1177 clitumnus
327 1116 455 1177 adstruit
477 1124 511 1178 ut
528 1117 721 1197 Augustinus,
745 1117 889 1178 attollitur
912 1126 946 1179 ut
963 1118 1094 1180 Hilarius
1109 1143 1136 1183 ιο

104 1207 277 1267 summittitur
298 1213 333 1267 ut
350 1205 505 1286 lohannes,
528 1213 561 1266 ut
580 1205 707 1267 Basilius
731 1208 855 1286 corripit
877 1215 911 1268 ut
932 1207 1095 1286 Gregorius

101 1295 263 1376 consolatur,
294 1302 329 1355 nt
360 1293 485 1356 Orosius
518 1295 613 1355 affluit
644 1302 678 1356 ut
704 1294 830 1356 Rufinus
859 1297 1030 1376 stringitur,
1062 1305 1095 1357 ut

96 1366 225 1444 Eusebius
255 1390 357 1444 narrat
379 1391 413 1444 ut
435 1383 601 1445 Eucherius
625 1383 777 1466 sollicitat,
805 1393 838 1445 ut
861 1384 1002 1446 Paulinus
1025 1404 1093 1464 pro-

10 1532 13 1555 Ι
95 1473 166 1532 l0⁰at
190 1480 222 1533 ut
248 1471 423 1533 Ambrosius
452 1480 632 1552 perseverat.
679 1471 706 1535 8.
736 1474 793 1533 iam
822 1492 893 1533 vero
922 1473 958 1534 de
984 1474 1093 1552 hymno

10 1566 12 1576 ·
90 1551 133 1609 tuo
157 1564 180 1621 si
201 1569 379 1641 percontere
402 1561 473 1640 quid
498 1564 638 1642 sentiam,
660 1565 854 1623 commaticus
878 1570 924 1623 est
947 1565 1094 1644 copiosus,
1109 1586 1135 1628 ts

86 1631 175 1710 duleis
201 1650 296 1711 elatus
324 1658 354 1711 et
382 1649 531 1729 quoslibet
557 1650 666 1730 lyricos
690 1651 892 1730 dithyrambos
916 1654 1093 1712 amoenitate

79 1736 194 1819 P⁰etica
217 1747 247 1800 et
269 1739 412 1800 historica
434 1741 558 1799 veritate
583 1744 794 1819 supereminet.
840 1741 930 1820 idque
953 1748 1039 1802 tuum
1062 1745 1093 1802 in

76 1806 124 1874 ’ΠΟ
151 1827 309 1909 peculiare,
334 1828 413 1907 quod
432 1831 558 1889 servatis
578 1837 742 1890 metrorum
760 1830 886 1909 pedibus
906 1830 1016 1910 pedum
1035 1830 1093 1910 syl-

71 1892 153 2000 labis
171 1916 408 1996 syllabarumque
428 1919 542 1978 naturis
561 1919 640 1979 intra
659 1921 748 1998 spatii
767 1921 814 1980 sui
827 1923 989 1981 terminum
1004 1919 1093 1981 verba

68 1983 149 2066 ‘mia
175 2025 281 2066 versus
308 2025 421 2086 pauper
448 2005 574 2068 includit
602 2025 658 2068 nec
681 2011 769 2068 artati
796 2011 937 2069 carminis
963 2009 1093 2070 brevitas
1107 2033 1134 2073 ao

64 2069 293 2170 ¹⁰11gitudinem
319 2095 465 2175 phalerati
493 2098 639 2156 sermonis
668 2096 813 2178 eliminat;
845 2100 887 2158 ita
918 2098 975 2159 tibi
1007 2097 1093 2158 facile

61 2160 156 2246 faetu
174 2191 220 2245 est
237 2186 363 2248 minutis
381 2184 530 2245 trochaeis
543 2185 815 2265 minutioribusque
834 2187 1014 2266 pyrrhichiis
1033 2205 1093 2247 non

59 2256 173 2335 S‘llum
190 2273 364 2334 molossicas
384 2276 646 2354 anapaesticasque
665 2278 811 2335 ternarias
831 2276 884 2335 sed
903 2277 1092 2354 epitritorum

57 2348 166 2423 etiam
184 2380 391 2442 paeonumque
411 2370 571 2442 quaternas
591 2367 784 2442 supervenire
803 2367 965 2426 iuncturas.
993 2361 1021 2424 9.
1042 2382 1091 2424 en·

55 2446 185 2513 Crescit
202 2451 366 2531 amplitudo
384 2452 534 2531 proloquii
553 2455 704 2531 angustias
723 2452 874 2533 regulares
894 2460 924 2513 et
941 2460 1092 2531 tamquam
1106 2474 1133 2516 ns

55 2534 166 2601 Parvo
190 2559 263 2601 auro
287 2541 408 2619 grandis
431 2558 546 2620 gemma
570 2543 619 2601 vin
643 2544 758 2621 capitur
781 2544 946 2621 emicatque
970 2549 1004 2602 ut
1022 2543 1092 2620 equi

53 2623 207 2691 P⁰tentis
230 2631 413 2711 animositaS,
436 2633 485 2690 cui
508 2631 656 2711 frementi,
680 2633 704 2690 si
729 2633 808 2691 inter
831 2639 935 2710 tesqua
956 2629 1003 2690 vel
1022 2649 1091 2691 con-

53 2694 159 2794 fraga
185 2719 340 2779 frenorum
363 2718 428 2798 lege
451 2726 602 2800 teneatur,
633 2719 780 2798 intellegis
803 2737 864 2780 non
887 2727 947 2779 tam
971 2738 1092 2780 cursum

51 2782 180 2868 deesse
199 2825 289 2887 quam
307 2826 452 2887 campum.
487 2808 557 2887 quid
576 2805 701 2869 multis?
730 2808 842 2869 arbitro
856 2826 904 2869 me
918 2811 950 2868 in
964 2816 1091 2888 utroque

49 2889 185 2958 genere
216 2896 336 2957 dicendi
368 2915 423 2957 nec
451 2897 582 2958 Athenae
616 2900 658 2958 sic
686 2898 800 2958 Atticae
833 2916 888 2959 nec
915 2897 1016 2959 Musae
1048 2901 1091 2960 sic
1106 2921 1132 2962 eo

49 2977 207 3046 musicae
231 2985 455 3067 iudicabuntur,
484 2987 620 3046 simodo
644 2987 719 3046 mihi
742 2986 787 3047 vel
811 2987 953 3047 censendi
976 2990 1091 3067 copiam

48 3048 189 3152 Apsilia
216 3074 333 3152 longior
362 3093 422 3135 non
452 3075 571 3136 ademit.
617 3094 685 3136 nam
714 3076 782 3135 dum
812 3077 947 3155 inpactae
977 3077 1090 3155 proles·

49 3154 171 3222 s¹011is
193 3162 316 3224 obtentu
339 3181 449 3224 novum
468 3163 620 3224 scribendi
638 3182 752 3225 morem
772 3165 917 3243 gradatim
935 3172 1042 3245 appeto
1063 3174 1092 3225 et

50 3243 206 3313 vestenem
235 3252 385 3313 saltuatim
413 3252 548 3334 dedisco,
579 3253 615 3313 de
643 3252 721 3313 bono
750 3261 866 3314 oratore
894 3253 936 3314 nil
964 3253 1091 3332 amplius

152 3463 165 3511 3
181 3459 262 3514 Plato
281 3459 319 3513 M
321 3459 375 3515 To
381 3461 394 3528 ll
412 3465 446 3513 22
465 3461 494 3513 et
512 3457 714 3516 minutioribus
735 3458 842 3533 Oll‘tA
859 3461 1018 3532 quatemus
1034 3459 1099 3513 HV

53 3502 173 3595 MOP,
189 3532 371 3595 quaternatas
388 3531 417 3583 L
426 3534 442 3601 p
454 3537 490 3588 28
508 3549 628 3591 cursum
647 3552 770 3594 cursum
790 3537 846 3610 Ill
