2414 3864
406 145 562 204 chaman
581 147 653 203 xvi.
974 147 1039 212 323

121 296 232 375 quique
256 295 363 374 duplex
387 296 534 374 quondam
557 298 666 356 venisti
687 297 719 355 in
742 303 846 374 pectus
868 295 996 379 Helisei,

120 383 282 447 Thesbiten
305 402 373 445 eum
396 385 471 445 sorte
495 403 598 447 senem
620 387 680 445 iam
703 384 856 445 flammeus
880 387 943 446 axis

117 472 236 534 tolleret
259 481 288 535 et
311 476 434 534 scissam
458 472 595 552 linquens
617 492 673 552 pro
695 491 820 534 munere
844 472 951 552 pellem

116 561 253 641 hispidus
277 562 414 623 ardentes
438 566 539 642 auriga
562 565 687 623 intraret
709 561 852 642 hahenas;

58 658 96 710 ³5
116 652 228 730 quique
252 654 341 712 etiam
362 650 477 713 Heliam
500 655 589 713 terris
612 654 740 712 missure
765 651 928 712 secundum

115 739 273 800 Zachariae
296 743 368 803 insti
390 739 521 819 linguam
543 740 656 820 placate
679 739 791 821 ligasti,

115 829 187 889 dum
210 829 321 890 laceret
344 847 444 889 serum
467 848 575 909 rugosa
597 847 745 909 puerpera
766 835 895 909 patrem,

114 917 194 978 edita
217 918 386 997 significans
410 921 492 979 iusso
515 921 641 980 reticere
664 918 821 999 propheta,

113 1008 209 1086 gratia
232 1025 300 1068 cum
318 1006 414 1088 fulsit,
437 1015 540 1068 nosset
562 1026 594 1068 se
618 1014 650 1068 ut
673 1006 720 1068 lex
743 1009 913 1086 tacituram3

58 1110 93 1158 =o
114 1097 226 1174 quique
249 1098 338 1157 etiam
361 1114 487 1158 nascens
511 1115 547 1157 ex
569 1097 683 1174 virgine
708 1097 820 1156 semine
844 1094 940 1176 nullo,

112 1192 181 1245 ante
205 1183 298 1246 ullum
321 1192 439 1264 tempus
468 1186 541 1246 deus
569 1195 656 1263 atque
679 1186 711 1244 in
734 1191 868 1263 tempore
893 1183 1038 1266 Christus,

112 1273 150 1334 ad
174 1291 281 1352 corpus
305 1281 448 1353 quantum
471 1281 598 1354 spectat,
621 1280 654 1334 tu
676 1280 705 1333 te
730 1274 794 1351 ipse
818 1275 939 1353 creasti;

113 1364 166 1442 qui
188 1364 285 1423 visum
308 1365 418 1444 caecis,
441 1380 578 1442 gressum
597 1380 714 1441 quoque
738 1360 863 1422 reddere
888 1360 1014 1442 claudis,

114 1451 249 1512 auditum
272 1451 386 1533 surdis,
408 1455 499 1513 mutis
522 1450 620 1512 laxare
644 1450 791 1529 loquelam

58 1549 90 1602 lo
113 1547 216 1601 suetus
240 1541 275 1601 ad
298 1541 354 1600 hoe
378 1542 466 1602 etiam
489 1542 611 1621 venisti,
635 1548 667 1601 ut
690 1547 807 1600 mortua
829 1538 962 1600 memhra

112 1628 203 1710 lecto,
226 1628 390 1710 sandapila,
412 1628 525 1690 tumulo
548 1647 728 1708 consurgere
751 1630 881 1708 possint,

112 1720 223 1797 quique
247 1720 337 1778 etiam
359 1736 469 1797 poenas
494 1725 630 1797 suscepta
655 1721 687 1778 in
710 1735 798 1778 carne
821 1715 930 1799 tulisti,

111 1813 281 1868 sustentans
305 1806 417 1888 alapas,
440 1807 584 1887 ludibria,
607 1805 746 1888 verhera,
768 1823 890 1886 vepres,

111 1902 233 1976 sortem,
254 1894 359 1977 vincla,
383 1915 511 1977 crucem,
535 1894 641 1977 clavos,
665 1895 713 1977 lel,
736 1894 860 1975 missile,
883 1902 1008 1976 acetum,

58 1995 89 2046 50
109 1991 262 2064 postremo
284 1991 425 2065 mortem,
449 1985 500 2045 sed
525 1992 728 2066 surrecturuS,
752 1985 855 2066 adisti,

109 2075 255 2154 eripiens,
278 2073 419 2152 quicquid
443 2076 552 2135 veteris
576 2077 754 2153 migraverat
776 2074 871 2134 hostis

108 2165 142 2222 in
166 2164 212 2223 ius
234 2180 290 2240 per
312 2169 447 2223 nostrum
471 2163 599 2243 lacinus,
622 2182 690 2223 cnm
713 2164 823 2223 semina
845 2163 940 2240 prima

107 2257 301 2331 praeceptum
324 2250 440 2312 solvens
464 2250 549 2330 culpa
572 2270 627 2311 nos
649 2259 772 2330 perpete
795 2252 904 2340 vingit,

109 2333 177 2423 (qui
200 2357 268 2400 cum
290 2347 320 2400 te
343 2342 466 2401 interitu
489 2342 574 2420 petiit
597 2358 652 2400 nec
676 2341 809 2419 repperit
832 2341 864 2398 in
887 2345 931 2419 te,

58 2441 86 2492 to
108 2428 188 2507 quod
211 2435 313 2506 posset
334 2432 489 2508 proprium
513 2431 702 2509 convincere,
725 2427 856 2507 perdidit
879 2444 979 2506 omne,

109 2517 189 2597 quod
211 2515 297 2595 lapsu
320 2518 400 2579 dedit
423 2517 483 2579 Eva
507 2536 573 2598 suo,
593 2516 810 2595 chirographon
833 2514 929 2596 illum,

109 2623 168 2685 quo
191 2623 334 2685 pervasus
356 2608 445 2667 homo
470 2614 528 2688 est,
550 2607 623 2666 haec
647 2607 847 2684 compensatio
870 2606 959 2682 rupit.
1037 2633 1038 2636 ¹

110 2713 219 2774 expers
242 2697 357 2773 peccati
379 2714 434 2774 pro
457 2693 663 2776 peecatoribus
687 2693 817 2772 amplum

108 2784 144 2843 tis
166 2785 297 2862 pretium
319 2792 508 2863 veteremque
527 2802 620 2845 novus
643 2784 706 2843 vice
730 2783 860 2843 faenoris
884 2780 993 2862 Adam,

58 2885 90 2934 oo
109 2872 180 2932 dum
202 2874 342 2955 moreris,
366 2873 401 2934 de
424 2881 520 2934 morte
542 2875 631 2952 rapis.
673 2874 716 2932 sic
734 2878 851 2943 mortua
868 2888 950 2930 mors
974 2876 1030 2951 est,

108 2963 152 3021 sic
176 2979 241 3022 sese
265 2962 396 3043 insidiis,
420 2981 492 3041 quas
516 2963 640 3042 lecerat,
664 2963 728 3040 ipsa
752 2958 864 3021 fefellit.

107 3069 176 3111 nam
199 3049 270 3110 dum
292 3050 452 3112 indiscrete
476 3054 551 3130 petit
572 3052 780 3129 insontemque
803 3066 948 3129 reosque,

109 3140 183 3222 egit,
206 3147 240 3200 ut
262 3139 374 3200 absolvi
397 3147 520 3218 possent
543 3147 573 3200 et
596 3140 720 3200 erimine
744 3130 843 3221 nexi);

93 3369 124 3418 33
142 3363 249 3433 pallam
271 3366 328 3421 cod.
352 3365 504 3421 Hehaatod.
528 3364 603 3432 (item
625 3364 819 3430 Walamoeoitz)
847 3365 857 3432 u
883 3366 918 3416 45
944 3359 1032 3414 etiam

58 3444 74 3568 lp
84 3434 116 3560 οἳ)
119 3437 128 3506 ΙΙ
134 3442 241 3562 clm
251 3439 384 3578 possent?
402 3436 578 3506 Insetjohooo
591 3438 600 3506 ΙΙ
615 3439 647 3490 66
666 3433 739 3489 illud
756 3435 838 3506 culpo
851 3436 861 3503 ΙΙ
875 3439 908 3487 57
927 3429 1033 3501 rumpit

838 3593 898 3647 Ἃ*
