2392 3854
202 134 370 191 SIDONIUS
387 133 596 190 Aemconln
616 133 684 190 SUO
705 133 882 189 SALUTEM.
1003 135 1046 200 47

75 273 138 341 claret
156 284 339 346 studentibus
362 285 497 346 discendi
519 303 574 364 per
595 286 715 364 nuptias
735 286 921 345 occasionem
944 285 1046 367 tribui,

74 362 187 434 desidibus
215 377 446 436 excusationem.
492 376 584 453 igitur
611 372 763 453 incumbe,
790 391 887 452 neque
916 375 993 454 apud
1016 384 1046 436 te

72 449 209 522 litterariam
229 481 330 524 curam
348 463 435 525 turba
453 463 600 543 depretiet
618 464 835 543 imperitorum,
854 465 923 541 quia
941 471 1046 524 natura

72 559 239 626 comparatum
263 559 320 634 est,
346 562 379 614 ut
406 555 438 613 in
461 552 599 613 omnibns
623 550 737 612 artibus
760 550 817 611 boc
841 553 881 612 sit
904 554 1045 614 scientiae

70 639 194 709 pretiosior
217 657 334 724 pompa,
357 660 415 722 quo
440 643 543 702 rarior.
581 640 652 701 vale.

511 866 567 934 XI.

225 987 391 1045 SIDONIUS
409 989 564 1046 RUSTIUO
583 989 652 1046 SUO
672 989 851 1045 SALUTEM.

111 1097 132 1161 l.
154 1102 185 1163 Si
209 1101 296 1164 nobis
318 1121 372 1182 pro
397 1105 458 1164 situ
481 1105 643 1183 spatiisque
667 1106 823 1184 regionum
846 1105 1045 1164 vicinaremur

65 1199 102 1246 tec
119 1209 131 1250 a
152 1210 182 1252 se
206 1193 502 1270 praesentia'mutua
519 1195 595 1253 vasti
613 1195 730 1254 itineris
749 1193 965 1271 longinquitate
985 1192 1044 1254 dis·

65 1277 252 1361 ttt'minaretur,
275 1281 349 1341 nihil
372 1283 490 1361 apicum
512 1284 629 1343 raritati
650 1281 741 1343 licere
765 1283 937 1361 incoeptae
961 1281 1044 1342 iami-

63 1357 167 1430 liadtatis
191 1370 289 1430 officia
307 1373 513 1450 permitterem
531 1389 628 1450 neque
647 1373 706 1432 iam
721 1370 813 1431 semel
831 1373 922 1430 missa
941 1370 1085 1431 lunda-1⁰

10 1466 12 1491 =
62 1463 134 1517 nenta
154 1461 296 1520 certantis
320 1461 476 1520 amicitiae
490 1459 616 1521 diversis
639 1460 786 1521 honorum
809 1458 970 1538 generibus
994 1478 1044 1520 ex-

62 1545 134 1606 truere
167 1566 325 1609 cessarem.
381 1548 434 1609 sed
471 1551 638 1610 animorum
675 1550 878 1610 coniunctioni
910 1555 1045 1628 separata

63 1634 152 1712 utrique
172 1636 408 1717 porrectioribus
431 1639 567 1698 terminis
591 1637 710 1699 obsistit
731 1636 882 1718 habitatio,
905 1637 1044 1717 equidem

62 1723 128 1783 smel
148 1725 291 1787 devinctis
315 1745 421 1806 parum
443 1729 579 1787 nocitura
600 1724 781 1806 pectoribus.
819 1724 848 1787 2.
871 1727 924 1787 sed
945 1734 1044 1787 tamen

62 1821 87 1866 tt
109 1813 164 1892 ipsa
196 1817 400 1876 communium
431 1817 662 1896 municipiorum
693 1816 872 1876 discretione
900 1816 1044 1896 procedit,
1059 1825 1085 1867 1⁶

62 1899 129 1982 qvod,
152 1922 219 1965 eum
242 1906 419 1965 amicissimi
442 1907 548 1987 simus,
576 1907 729 1965 raritatem
753 1904 892 1983 colloquii
916 1904 952 1966 de
976 1923 1044 1984 pro-

61 1979 102 2046 lixa
121 1997 263 2054 terramm
293 1995 500 2055 interiectione
523 1996 693 2055 venientem
716 1996 748 2054 in
771 2001 886 2055 reatum
908 1993 1043 2055 volumus

62 2076 190 2144 sustene
224 2100 427 2164 communem,
458 2101 525 2143 cum
557 2082 593 2143 de
626 2082 805 2144 naturalium
837 2101 939 2143 rerum
967 2083 1043 2143 dilli-

63 2161 142 2259 ¹tultate
162 2189 217 2232 nec
241 2171 328 2251 culpa
355 2189 410 2232 nos
434 2170 540 2233 debeat
561 2189 682 2232 manere
706 2191 762 2232 nec
785 2173 878 2232 venia.
924 2171 1043 2231 domine

63 2248 176 2340 ulums,
193 2259 313 2339 gerulos
333 2259 499 2321 litterarum
519 2261 555 2320 de
575 2260 749 2340 disciplinae
768 2269 835 2322 tuae
855 2262 1042 2320 institutione
1058 2273 1084 2312 ao

64 2334 172 2408 tenatos
190 2357 220 2410 et
238 2368 357 2410 morum
376 2349 495 2410 erilium
513 2350 724 2411 verecundiam
737 2351 941 2429 praeferentes
956 2367 1042 2427 opor-

64 2429 112 2490 lllte
131 2437 239 2520 admisi,
262 2441 411 2518 patienter
435 2439 542 2521 audivi,
566 2446 769 2519 competenter
792 2437 929 2516 explicui.
970 2436 1042 2498 vale.

499 2664 571 2731 XII.

195 2784 363 2841 sinemus
381 2786 587 2842 Acnrconnn
608 2786 676 2842 suo
696 2786 875 2844 sonorum.

112 2892 132 2954 l.
151 2896 256 2961 llisisti
284 2907 317 2960 tu
346 2901 466 2979 quidem
493 2898 625 2961 lembum
652 2899 792 2961 mobilem
822 2901 949 2962 solidum
973 2900 1043 2963 lecti

65 2989 168 3054 clitarem
186 2991 304 3069 iamque
320 3008 388 3050 cum
402 2989 548 3071 piscibus3
567 2997 630 3050 tum
644 2996 799 3069 praeterea
813 2990 1042 3069 gubernatorem
1056 2998 1082 3040 ²⁵

64 3056 124 3147 louge
143 3080 282 3160 peritum,
311 3081 441 3158 remiges
465 3081 554 3140 etiam
577 3077 717 3140 robustos
741 3079 968 3160 expeditosque,
992 3081 1043 3158 qui

64 3154 148 3224 scilicet
176 3184 209 3227 ea
241 3167 398 3246 rapiditate
429 3167 648 3247 praetervolant
680 3170 775 3227 amnis
804 3168 921 3229 adversi
950 3176 1042 3246 terga,

65 3255 104 3316 qua
118 3249 207 3316 deflui.
245 3256 297 3316 sed
317 3255 401 3317 dabis
421 3259 546 3338 veniam,
570 3256 648 3335 quod
668 3257 805 3317 invitanti
823 3258 878 3318 tibi
896 3260 928 3317 in
946 3259 1041 3336 pisca-

114 3425 127 3474 6
141 3422 266 3509 Rusticio
285 3427 312 3482 L
332 3431 400 3496 (nou
417 3428 459 3496 N)
474 3431 513 3510 d9
531 3427 574 3482 nil
591 3428 639 3558 Op
649 3432 682 3510 13⁹>
701 3426 813 3497 utrique
827 3427 928 3496 LNT,
944 3422 1041 3479 utrim-

62 3495 99 3548 luo
109 3490 132 3562 U,
147 3500 275 3568 utrunque
285 3498 324 3554 M
332 3502 343 3571 lt
357 3505 392 3554 28
407 3498 567 3576 defler,
583 3500 618 3560 de
638 3500 685 3559 uit
699 3502 724 3578 tt
738 3502 791 3561 st.
805 3492 1069 3570 odletUbfflb
