2414 3864
141 176 205 240 246
545 177 697 233 CARMEN
716 178 750 234 ΙΙ.

230 327 266 388 ad
289 326 413 387 Bnream
436 345 550 406 pugnas
574 334 604 387 et
627 327 797 388 formidaris
821 326 858 387 ad
881 327 1029 389 Austrum.

273 416 348 477 Ante
370 423 470 476 tamon
493 433 582 494 quam
604 422 634 476 te
659 417 773 477 socium
796 415 909 496 collega
932 425 1051 498 crearet,

228 506 441 585 perstrinxisse
465 504 547 586 libet,
570 523 644 584 quos
667 504 765 584 lllyris
789 523 840 566 ora
862 506 1031 585 triumphos

158 607 211 657 225
229 595 346 674 viderit,
370 595 500 654 excisam
523 611 599 671 quae
623 611 654 654 se
678 593 840 655 Valameris
863 594 900 656 ab
925 597 1015 656 armis

228 685 304 744 forte
328 683 411 743 ducis
435 684 531 742 nostri
554 683 625 743 vitio
649 682 768 744 deserta
790 683 936 762 gemebat.

228 772 307 833 haud
330 763 426 852 aliter,
449 789 553 831 caesus
578 771 727 849 quondam
751 790 820 833 cum
843 771 953 852 Caepio
976 773 1075 835 robur

230 860 344 923 dedidit
365 859 538 940 Ausonium,
562 859 659 920 subita
683 868 807 940 cogente
830 863 919 922 ruina

231 949 362 1010 electura
385 948 491 1020 ducem
507 956 582 1028 post
604 955 724 1028 guttura
746 950 840 1011 tracta
861 949 1022 1030 Iugurthae

157 1051 210 1100 230
228 1038 323 1099 ultum
345 1038 519 1117 Arpinatem
541 1036 700 1116 Calpurnia
722 1038 842 1100 foedera
865 1037 957 1100 lixam

230 1129 369 1207 opposuit
392 1126 495 1187 rabido
519 1125 688 1206 respublica
710 1129 815 1188 territa
838 1127 970 1190 Cimbro.

228 1217 277 1278 hic
299 1219 431 1296 primum
453 1224 486 1276 ut
508 1221 622 1276 vestras
645 1214 759 1294 aquilas
782 1218 935 1297 provincia
958 1218 1041 1300 vidit,

228 1306 318 1367 desiit
339 1304 463 1365 hostiles
487 1305 644 1365 confestim
666 1305 790 1366 horrere
814 1304 968 1368 dracones.

227 1395 309 1456 ilicet
331 1394 454 1456 edomiti
476 1391 554 1453 bello
577 1393 744 1473 praedaque
769 1401 906 1455 carentes

157 1495 209 1544 235
228 1503 297 1545 mox
320 1485 379 1563 ipsi
401 1490 451 1543 tua
474 1483 585 1561 pracda
608 1485 714 1543 iacent
761 1483 813 1544 scd
837 1485 1005 1545 omittimus
1029 1479 1157 1545 53th

228 1581 261 1634 ut
283 1571 486 1652 populatores:
509 1570 580 1631 belli
603 1573 697 1650 magis
720 1579 784 1632 acta
807 1571 935 1634 revolvo.

229 1662 308 1740 quod
331 1661 441 1721 bellum
464 1678 525 1720 non
547 1678 637 1739 parva
660 1678 765 1721 manus
787 1679 844 1722 nec
867 1679 990 1723 carcere
1014 1657 1150 1724 iraclz⁴J

229 1750 264 1810 ad
289 1750 481 1830 gladiaturam
503 1755 538 1809 tu
561 1748 700 1828 Spartace
723 1751 820 1810 vincte
844 1752 967 1832 parasti,

229 1839 281 1900 sed
305 1838 459 1918 Scythicae
481 1856 554 1916 vaga
576 1837 663 1899 turba
685 1837 797 1919 plagae,
820 1839 949 1900 feritatis
972 1838 1160 1904 anundasst

158 1938 210 1988 240
229 1928 303 2008 dira,
326 1945 425 2007 rapax,
448 1926 616 2007 vehemens,
638 1929 712 2006 ipsis
736 1945 854 2006 quoque
877 1927 1020 2006 gentibus
1043 1928 1125 1989 illic

227 2015 353 2077 barbara
375 2015 549 2096 barbaricis
572 2018 658 2076 cuius
681 2015 741 2076 dux
763 2014 923 2077 hormidac
948 2023 1040 2097 atquc

228 2107 300 2167 civis
325 2112 396 2165 erat.
442 2106 509 2182 quis
532 2104 590 2165 talc
614 2104 711 2164 solum
734 2112 780 2164 cst
803 2122 964 2184 moresque
987 2110 1159 2186 genusqlllss

228 2195 312 2255 albus
334 2193 534 2274 Hyperboreis
557 2193 663 2253 Tanais
688 2211 745 2272 qua
767 2192 893 2255 vallibus
917 2201 1004 2256 actus

227 2283 357 2362 Riphaea
380 2283 417 2343 de
440 2289 526 2343 caute
549 2281 636 2362 cadit,
659 2284 736 2343 iacet
758 2301 812 2343 axe
836 2283 892 2344 sub
915 2281 1013 2345 Ursae

156 2383 207 2433 245
228 2391 300 2452 gens
325 2373 432 2433 animis
455 2369 656 2449 membrisque
679 2373 792 2432 minax:
815 2373 857 2432 ita
880 2371 1014 2434 vultibus
1037 2376 1110 2454 ipsis

229 2462 375 2522 infantum
399 2479 470 2521 suus
493 2460 601 2520 horror
624 2461 711 2520 inest.
757 2463 911 2540 consurgit
934 2463 968 2521 in
991 2469 1087 2523 artum

228 2569 325 2611 massa
348 2549 475 2610 rotunda
499 2555 600 2628 caput3
623 2550 750 2627 geminis
774 2548 829 2610 sub
853 2549 952 2611 lronte
975 2553 1104 2613 cavernis

227 2642 308 2700 visus
332 2638 416 2699 adest
439 2638 532 2698 oculis
556 2636 742 2718 absentibus3
766 2644 830 2699 acta
853 2637 973 2700 cerebri

228 2730 259 2789 in
283 2745 429 2788 cameram
452 2729 500 2787 vix
524 2726 560 2786 ad
583 2727 703 2805 refugos
727 2726 776 2787 lux
799 2729 938 2807 pervenit
961 2727 1057 2808 orbes,

157 2828 209 2878 250
227 2835 288 2878 non
310 2823 410 2876 tamen
433 2823 463 2876 et
486 2814 615 2895 clausos3
638 2833 707 2875 nam
729 2816 843 2876 fornice
867 2835 928 2877 non
952 2819 1079 2897 spatioso

227 2923 333 2984 magna
355 2905 455 2965 vident
478 2907 581 2986 spatia,
604 2911 634 2964 et
655 2906 778 2965 maioris
800 2904 924 2966 luminis
947 2924 1036 2967 usum

227 2996 384 3073 perspicua
407 2995 438 3053 in
461 2995 560 3073 puteis
582 3000 776 3073 compensant
796 3001 908 3073 puncta
929 2993 1087 3074 profundis.
1192 3001 1198 3052 't

229 3090 301 3163 tum,
324 3101 361 3143 ne
385 3101 439 3162 per
462 3082 553 3143 malas
577 3090 730 3143 excrescat
751 3082 850 3144 fistula
874 3083 995 3166 duplex,

229 3171 365 3233 obtundit
387 3179 505 3232 teneras
529 3171 709 3232 circumdata
733 3171 823 3232 lascia
845 3190 944 3254 nares,

210 3401 261 3450 239
280 3397 366 3467 vaga]
385 3411 460 3450 novo
475 3396 501 3450 Τ
512 3397 521 3465 ΙΙ
535 3400 586 3449 242
605 3411 751 3465 moresque
770 3412 817 3467 epo
836 3398 914 3464 (item
926 3383 1125 3468 Monunio

139 3468 232 3537 “dnt-
244 3467 373 3538 mnrique
383 3468 460 3523 codd.
474 3469 485 3536 u
498 3471 550 3522 246
560 3470 652 3521 atrum
665 3465 709 3538 Ol
721 3470 771 3521 251
786 3465 923 3523 maiorem
934 3469 960 3523 Τ
971 3471 982 3540 t
994 3472 1044 3524 264
1055 3464 1126 3518 fucos
1193 3550 1198 3566 Ι

220 3558 259 3601 rr.
278 3559 316 3602 ex
332 3540 428 3614 facea)
451 3539 498 3613 Ob
