2414 3864
476 132 587 190 LIBER
605 128 802 188 SECUNDUS.

275 306 402 350 vernans
425 286 549 347 herbida
572 290 672 344 crusta
695 283 883 363 sapphiratos

223 390 256 439 15
276 379 369 439 llectit
391 394 446 456 per
467 377 622 455 prasinum
644 374 754 433 vitrum
776 371 902 452 lapillos.

274 468 346 528 huIc
369 473 415 526 est
436 466 571 544 porticus
594 462 739 542 applicata
761 461 870 541 triplex

275 556 428 618 fulmentis
451 554 636 633 Aquitanicis
659 550 796 632 superha,

276 647 312 707 ad
337 647 422 705 cuius
446 645 598 723 specimen
621 642 782 701 remotiora

278 734 419 795 claudunt
441 734 515 793 atria
537 732 671 811 porticus
695 728 852 809 secundae,

224 836 258 884 20
278 832 307 884 et
330 840 468 901 campum
490 820 623 881 medium
645 817 749 898 procul
772 817 882 878 locatas

278 914 368 973 vestit
391 929 478 971 saxea
502 908 574 970 silva
596 926 651 988 per
673 907 834 968 columnas.

276 1000 347 1061 hinc
370 1018 460 1078 agger
483 1005 581 1079 sonat,
604 997 674 1057 hinc
696 996 771 1056 Arar
792 995 929 1077 resultat,

276 1090 346 1150 hinc
370 1107 435 1150 sese
458 1089 551 1167 pedes
574 1093 662 1166 atque
686 1103 778 1164 eques
801 1084 931 1146 retlectit

275 1177 455 1240 stridentum
478 1184 508 1237 et
530 1175 699 1236 moderator
721 1173 906 1256 essedorum,

223 1281 256 1329 25
277 1285 435 1330 curvorum
457 1267 528 1327 hinc
552 1265 660 1326 chorus
682 1263 893 1324 helciariorum

275 1355 522 1438 responsantibus
545 1352 661 1416 alleluia
684 1355 759 1433 ripis

276 1447 311 1508 ad
335 1446 487 1507 Christum
511 1444 588 1505 levat
610 1444 759 1503 amnicum
783 1440 925 1502 celeuma.

276 1538 333 1616 sic,
357 1538 400 1595 sic
423 1534 556 1615 psallite,
579 1539 668 1593 nauta
691 1530 738 1591 vel
759 1533 867 1612 viator,

275 1642 403 1703 namque
426 1627 484 1684 iste
508 1630 554 1683 est
576 1621 659 1682 locus
683 1619 821 1680 omnihus
843 1620 1003 1701 petendus,

225 1726 259 1775 30
278 1732 381 1774 omnes
406 1731 463 1792 quo
487 1713 533 1772 via
557 1711 640 1771 ducit
662 1709 698 1770 ad
722 1708 857 1770 salutem.

133 1850 163 1916 5.
192 1857 269 1918 Ecce
297 1859 384 1937 parui
414 1864 564 1936 tamquam
596 1859 696 1917 iunior
723 1857 890 1935 imperatis:
923 1865 957 1918 tu
983 1856 1069 1918 modo
1094 1851 1133 1912 tao

135 1948 309 2006 memineris
328 1946 522 2025 multiplicato
541 1963 589 2006 me
608 1946 728 2006 faenore
748 1946 1011 2028 remunerandum,
1030 1953 1133 2026 quoque

133 2034 164 2094 id
187 2034 302 2096 facilius
324 2037 421 2116 possis
446 2035 724 2116 voluptuosiusque,
748 2053 822 2114 opus
846 2041 892 2096 est
915 2041 949 2095 ut
972 2037 1038 2097 sine
1061 2031 1136 2095 dissi

133 2124 294 2185 mulatione
318 2124 448 2206 lectites,
476 2127 542 2185 sine
565 2124 625 2185 fine
649 2123 802 2206 lecturias3
830 2142 927 2203 neque
950 2127 1086 2204 patiaris,
1109 2124 1138 2180 ut

106 2220 162 2274 ote
190 2213 226 2274 ah
256 2214 312 2275 hoc
339 2216 492 2294 proposito
520 2213 694 2294 propediem
717 2215 846 2274 coniunx
872 2213 995 2274 domum
1022 2213 1139 2274 feliciter

133 2302 267 2365 ducenda
300 2302 449 2384 deflectat,
481 2306 583 2382 sisque
616 2301 724 2382 oppido
756 2304 937 2384 meminens,
969 2303 1050 2382 quod
1078 2299 1138 2361 olim

132 2393 241 2454 Marcia
268 2391 441 2473 Hortensio,
468 2391 607 2452 Terentia
630 2390 740 2471 Tullio,
768 2390 926 2472 Calpurnia
954 2391 1066 2473 Plinio,
1091 2389 1138 2451 ru·

133 2481 254 2543 dentilla
282 2480 419 2561 Apuleio,
450 2479 622 2541 Rusticiana
650 2481 825 2559 Symmacho
857 2479 1028 2559 legentibus
1056 2477 1139 2541 medi·

132 2570 323 2650 tontibusque
348 2569 485 2631 candelas
510 2577 540 2630 et
563 2569 739 2631 candelabra
757 2576 927 2631 tenuerunt.
965 2568 995 2632 6.
1020 2577 1100 2631 certe
1119 2568 1140 2627 si

93 2676 119 2716 ro
132 2668 251 2739 praeter
288 2662 446 2720 oratoriam
478 2658 674 2719 contubernio
706 2659 886 2720 feminarum
919 2661 1071 2738 poeticum
1102 2660 1140 2718 in·

133 2751 253 2828 genium
277 2755 307 2808 et
334 2751 395 2809 oris
418 2750 463 2809 tui
490 2747 591 2809 limam
615 2748 815 2826 frequentium
839 2747 1008 2808 studiorum
1032 2747 1141 2809 cotibus

133 2837 292 2916 expolitam
316 2840 451 2916 quereris
476 2837 609 2918 ohtundi,
638 2839 842 2919 reminiscere,
865 2836 944 2916 quod
968 2855 1059 2916 saepe
1082 2853 1139 2896 ver·

133 2943 199 2986 sum
228 2925 357 2986 Corinna
390 2945 458 2988 cum
491 2945 544 2986 suo
573 2925 689 2986 Nasone
727 2926 897 3006 complevit,
938 2923 1048 2987 Lesbia
1080 2940 1141 2987 cum

133 3013 256 3095 Catullo,
280 3014 444 3076 Caesennia
463 3034 531 3076 cum
550 3013 711 3096 Gaetulico,
734 3016 907 3093 Argentaria
930 3033 1001 3075 cum
1018 3013 1141 3092 Lucano,

92 3122 119 3163 ιε
132 3103 257 3183 Cynthia
277 3122 344 3165 cum
362 3104 527 3186 Propertio,
545 3103 626 3165 Delia
646 3122 714 3165 cum
732 3103 857 3165 Tibullo.
889 3104 1016 3183 proinde
1035 3101 1141 3182 liquido

203 3297 279 3347 v.18
299 3293 441 3362 specimen
459 3294 505 3363 Μ,
524 3293 571 3348 vel
590 3292 713 3362 speciem
732 3311 752 3349 o.
772 3295 789 3348 l.
810 3294 873 3349 cdd.
888 3291 936 3348 M'
955 3296 960 3359 Ι
981 3291 1141 3348 remotiores

133 3364 199 3419 ΒΝ
200 3365 206 3394 ¹
213 3364 260 3418 Μ1
277 3370 358 3428 (corr,
378 3368 410 3419 in
427 3365 581 3420 remotiore
599 3365 633 3419 N
633 3365 717 3433 ²M‘)‚
735 3383 788 3435 quo
803 3366 921 3435 probato
939 3365 972 3419 in
989 3383 1013 3420 o.
1034 3381 1086 3436 req.
1105 3377 1141 3416 se·

133 3435 226 3490 cunda
243 3438 313 3492 coni.
333 3436 390 3491 Leo
403 3439 413 3506 l
425 3454 452 3491 v.
467 3441 502 3489 30
521 3435 611 3490 omnis
630 3435 652 3489 L
669 3439 679 3504 ΙΙ
698 3441 732 3489 10
752 3435 905 3490 oratorium
922 3434 958 3502 L,
976 3451 1038 3490 rem
1056 3437 1141 3491 orato·

123 3505 199 3561 riam
216 3508 286 3579 (rem
305 3525 326 3566 o.
347 3509 364 3566 l.
385 3508 450 3567 add.
472 3507 675 3583 N¹)NMOT;
699 3506 924 3564 operatorium
946 3506 1119 3577 Loehbach
1133 3501 1142 3574 ΙΙ
