2414 3864
427 156 580 213 GARMEN
598 157 683 215 XXII.
996 159 1063 225 335

139 313 316 388 perpetuum
338 310 455 386 pictura
477 308 579 388 micat3
603 325 658 367 nec
680 315 814 387 tempore
838 306 927 387 longo

141 398 303 476 depretiata
326 415 395 458 suas
417 403 539 475 turpant
561 398 711 474 pigmenta
734 398 852 475 figuras.

181 484 325 546 Flecteris
349 486 385 547 ad
408 484 535 546 laevam:
558 492 588 545 te
611 487 744 564 porticus
763 487 871 565 accipit
894 485 992 566 ampla
1091 538 1096 549 .

66 582 120 636 06
139 575 261 636 directis
285 581 403 635 curvata
426 577 495 654 riis,
518 574 572 635 ubi
594 576 726 653 margine
751 593 864 635 summo

137 664 247 744 pendet
270 669 300 723 et
322 665 425 724 artatis
449 671 506 724 stat
530 681 617 724 saxea
641 662 713 724 silva
736 662 890 724 columnis.

138 752 195 813 alta
217 751 396 813 volubilibus
419 760 500 831 patet
523 753 571 813 hic
594 755 710 813 cenatio
733 752 838 832 valvis3
865 831 867 835 y

138 841 235 902 fusilis
259 843 381 920 euripus
404 849 542 923 propter3
566 840 644 901 cadit
666 841 745 902 unda
769 859 896 920 superne

136 938 204 991 ante
227 930 307 990 iores
329 930 477 1009 pendente
500 929 579 1009 lacu,
602 948 766 1009 venamque
789 932 886 991 secuti

72 1027 116 1080 10
135 1018 249 1080 undosa
271 1021 426 1081 inveniunt
448 1026 553 1081 nantes
577 1019 716 1080 cenacula
738 1021 844 1098 pisces.

134 1110 300 1188 comminus
324 1110 449 1188 erigitur
472 1108 518 1170 vel
541 1110 636 1188 prima
658 1106 704 1168 vel
728 1110 837 1168 extima
860 1111 966 1190 turris;

134 1215 199 1258 mos
223 1199 281 1259 erit
303 1196 352 1257 hio
376 1198 503 1258 dominis
526 1197 684 1258 hibernum
708 1199 802 1275 sigma
825 1196 931 1258 locare.

134 1285 223 1347 huius
247 1288 407 1366 conspicuo
431 1286 567 1347 residens
591 1288 622 1347 in
645 1284 772 1347 culmine
798 1304 885 1364 saepe

134 1374 276 1436 dilectum
298 1378 409 1436 nostris
432 1376 524 1437 Musis
548 1376 636 1436 simul
660 1383 747 1454 atque
767 1373 887 1452 capellis

66 1469 114 1526 212
134 1465 275 1543 aspiciam
298 1471 445 1546 montem3
468 1464 544 1525 lauri
568 1463 718 1543 spatiabor
741 1466 772 1524 in
795 1466 862 1523 isti's

134 1552 304 1634 frondibus,
323 1554 371 1614 bic
385 1554 531 1632 trepidam
547 1552 665 1614 credam
679 1553 752 1613 mihi
766 1552 888 1613 credere
903 1552 1054 1631 Daphnen.

134 1644 193 1702 iam
215 1644 242 1702 si
264 1642 340 1703 forte
363 1642 473 1721 gradus
496 1644 643 1721 geminam
666 1643 814 1703 convertis
839 1641 875 1701 ad
898 1642 1020 1721 Arcton,

134 1738 167 1792 ut
189 1732 291 1791 venias
314 1733 345 1791 in
368 1730 477 1810 templa
500 1731 562 1813 dei,
586 1733 638 1810 qui
660 1733 806 1791 maximus
830 1728 878 1790 ille
903 1737 961 1812 est,

135 1819 251 1880 deliciis
273 1818 408 1880 redolent
430 1821 540 1880 iunctis
564 1820 705 1899 apotheca
727 1837 895 1899 penusque3

66 1922 113 1971 220
133 1907 183 1968 hio
205 1907 316 1969 multus
339 1916 386 1989 tu,
409 1909 514 1990 irater,
537 1911 606 1970 eris.
647 1912 706 1969 iam
730 1908 827 1969 divide
851 1909 969 1989 sedem,

135 2015 275 2058 cessurus
298 1997 371 2057 mihi
394 1998 474 2058 sonte
497 2016 577 2079 meo,
600 2017 690 2078 quem
712 2005 813 2058 monte
836 1997 978 2059 fluentem

135 2086 253 2146 umbrat
275 2086 451 2148 multicavus
477 2089 606 2166 spatioso
630 2090 732 2148 circite
757 2088 861 2147 fornix.

134 2193 193 2235 non
217 2182 283 2254 eget
305 2176 354 2235 hic
378 2174 472 2257 cultu,
496 2176 577 2236 dedit
599 2177 669 2237 huic
692 2184 796 2237 natura
820 2174 966 2236 decorem.

135 2263 178 2323 nil
200 2265 301 2325 lictum
325 2264 472 2344 placuisse
495 2265 604 2345 placet,
627 2283 687 2325 non
710 2282 817 2343 pompa
839 2281 893 2342 per
917 2271 1011 2323 artem

66 2366 114 2415 225
133 2351 206 2433 ulla,
229 2345 386 2414 resultanti
408 2371 468 2414 non
488 2363 584 2415 comet
607 2353 730 2414 malleus
753 2355 815 2412 ictu

134 2459 217 2522 saxa,
239 2460 294 2502 nec
318 2460 440 2503 exesum
463 2442 643 2522 supplebunt
666 2459 814 2501 marmora
842 2440 945 2501 tolum.

134 2529 183 2590 hic
208 2530 273 2590 lons
297 2530 438 2592 Castaliae
462 2530 548 2592 nobis
571 2533 635 2592 vice
659 2531 769 2591 suflicit
791 2528 896 2590 undae.

135 2626 235 2679 cetera
258 2619 339 2680 dives
363 2619 451 2701 habe3
475 2619 565 2680 colles
588 2626 638 2680 tua
661 2622 726 2680 iura
748 2620 934 2698 tremiscant3

135 2709 266 2787 captivos
289 2708 337 2768 hic
361 2708 440 2769 solve
464 2716 548 2789 tneo,
571 2717 601 2769 et
623 2727 677 2788 per
699 2711 767 2787 iuga
790 2706 883 2786 Burgi

66 2810 115 2862 :30
134 2796 211 2857 laeta
234 2795 380 2857 relaxatae
403 2798 475 2858 liant
497 2800 595 2858 vineta
618 2794 759 2858 catenae'.

179 2884 339 2946 Confirmat
357 2905 459 2946 vocem
483 2888 601 2946 iamiam
624 2904 716 2966 prope
740 2886 857 2946 sobrius
880 2887 968 2945 istam

134 2972 265 3055 SilenuS,
288 2976 459 3053 pariterque
483 2975 567 3035 chori
590 2977 726 3036 cecinere
750 2975 895 3035 faventes:

133 3058 225 3142 ‘Nysa
232 3109 242 3143 ,
264 3062 326 3124 vale
349 3063 482 3144 Bromio,
505 3063 638 3144 Phoebo,
660 3062 788 3124 Parnase
811 3063 954 3123 bivertex.

132 3168 192 3210 non
215 3153 306 3211 istum
328 3151 444 3234 Naxus,
467 3171 527 3213 non
550 3155 641 3213 istum
664 3152 768 3213 Cirrha
791 3154 936 3233 requirat,

67 3254 112 3308 ab
133 3240 187 3301 sed
210 3257 293 3318 mage
316 3249 460 3321 perpetuo
484 3241 600 3321 Burgus
622 3240 767 3321 placitura
789 3237 927 3320 petatur?

110 3523 167 3573 204
186 3518 297 3572 laevum
317 3520 365 3591 Pp
379 3525 430 3575 233
448 3535 584 3591 parnasse
605 3519 628 3578 0
634 3520 685 3594 Pp
