2392 3854
143 145 184 209 14
510 142 618 198 LIBER
636 142 781 199 PRIMUS.

141 296 221 355 disse
246 294 298 355 sed
321 302 382 354 tam
405 295 457 355 diu
487 296 606 354 stetisse
628 292 696 372 plus
719 295 821 355 miror.
863 313 880 353 o
904 297 1042 373 quotiens
1067 314 1157 376 saepe

140 387 205 463 ipse
230 402 261 444 sc
286 383 408 444 adversa
426 401 603 463 perpessum
621 381 812 464 gloriabatur,
835 401 902 444 cum
925 390 1025 445 tamen
1044 404 1099 446 nos
1118 385 1156 446 ab

141 473 248 533 affectu
275 473 468 552 profundiore
492 474 638 532 ruituram
662 473 726 531 eius
755 473 931 552 quandoque
955 477 1157 535 temeritatem

140 564 366 643 miseraremur,
394 562 568 622 definientes
596 578 656 620 non
684 578 750 621 esse
778 560 908 643 felicem,
938 565 989 641 qui
1016 562 1073 623 hoc
1097 564 1154 625 fre-

114 658 268 731 squenter
299 653 399 730 potius
433 669 499 711 esse
533 668 621 729 quam
649 667 768 728 semper
796 650 991 712 indicaretur!
1040 649 1068 713 3.
1103 654 1154 713 sed

141 737 364 819 gubernationis
385 757 454 800 suae
473 739 607 800 ordinem
622 740 765 817 exposcis.
795 739 873 799 salva
891 740 962 800 fidei
976 744 1151 823 reverentia,

141 848 216 909 quae
240 831 334 889 amico
358 828 484 889 debetur
508 830 596 889 etiam
621 827 739 909 afflicto,
762 846 827 888 rem
846 827 978 889 breviter
997 847 1150 909 exponam.

140 918 356 996 praefecturam
379 920 504 996 primam
534 916 709 996 gubernavit
737 935 805 977 cum
827 935 934 995 magna
956 917 1152 997 popularitate

141 1013 432 1086 consequentemque
456 1025 524 1067 cum
547 1008 675 1067 maxima
697 1006 896 1085 populatione.
929 1009 1043 1087 pariter
1063 1027 1151 1069 onere

100 1115 125 1154 10
140 1096 301 1174 depressus
329 1097 406 1156 aeris
435 1095 524 1156 alieni
550 1102 632 1155 metu
661 1095 844 1156 creditorum
872 1114 1065 1157 successuros
1096 1097 1152 1158 sibi

141 1186 297 1263 optimates
321 1184 531 1246 aemulabatur.
574 1186 707 1244 omnium
731 1184 875 1264 colloquia
898 1185 1007 1264 ridere,
1031 1185 1153 1246 consllia

139 1276 255 1355 mirari,
284 1274 381 1335 officia
409 1281 614 1354 contemnere,
641 1275 704 1352 pati
731 1274 767 1334 de
796 1281 1006 1334 occiurentnm
1031 1277 1152 1336 raritate

140 1365 353 1444 suspicionem,
377 1364 413 1424 de
437 1362 610 1424 assiduitate
633 1363 799 1443 fastidium,
822 1362 930 1443 donec,
954 1363 1015 1423 odii
1038 1363 1152 1443 publici

138 1451 215 1512 mole
247 1451 369 1513 vallatus
400 1459 430 1513 et
459 1455 543 1533 prius
574 1453 690 1513 cinctus
720 1450 854 1512 custodia
885 1469 971 1531 qnam
1004 1459 1150 1531 potestate

98 1560 124 1600 15
139 1540 318 1621 discinctuS,
351 1550 454 1620 captus
488 1541 712 1620 destinatusque
744 1543 880 1620 pervenit
910 1540 1050 1624 Romam,
1083 1542 1150 1602 ilico

137 1637 268 1709 tumens,
301 1630 380 1708 quod
409 1649 554 1709 prospero
582 1649 672 1691 cursu
700 1629 900 1709 procellosum
927 1629 1052 1690 Tusciae
1081 1631 1150 1691 litus

138 1720 330 1799 enavigasset,
353 1726 502 1798 tamquam
526 1717 584 1778 sibi
607 1718 683 1780 bene
704 1720 822 1779 conscio
846 1721 910 1797 ipsa
934 1719 1150 1797 quodammodo

138 1805 282 1866 elementa
310 1807 530 1868 famularentur.
568 1805 597 1867 4.
628 1810 660 1867 in
689 1807 832 1886 Capitolio
861 1807 1086 1869 custodiebatur
1114 1809 1148 1869 ab

136 1894 252 1972 hospite
280 1894 379 1954 Flavio
408 1895 518 1976 Asello,
549 1898 656 1956 comite
686 1915 837 1957 sacrarum
861 1895 1068 1978 largitionum,
1100 1901 1150 1978 qui

96 2003 122 2042 no
136 1983 231 2043 adhuc
264 1985 295 2043 in
328 2002 363 2044 eo
397 1985 633 2044 semifumantem
661 1985 864 2063 praefecturae
892 2004 988 2064 nuper
1017 1994 1148 2047 extortae

137 2071 309 2150 dignitatem
332 2072 536 2134 venerabatur.
584 2075 698 2134 interea
727 2074 815 2151 legati
837 2076 1007 2152 provinciae
1032 2075 1150 2156 Galliae,

136 2161 298 2222 Tonantius
317 2162 475 2223 Ferreolus
498 2162 723 2244 praefectorius,
746 2161 859 2222 Afranii
879 2163 993 2242 Syagrii
1017 2165 1148 2226 consulis

136 2269 151 2311 c
181 2250 241 2311 filia
268 2259 375 2333 nepos,
403 2250 600 2312 Thaumastus
629 2270 746 2331 quoque
771 2261 800 2311 et
822 2250 993 2334 Petronius,
1021 2256 1149 2314 maxima

135 2359 236 2401 rerum
264 2341 482 2420 verborumque
511 2342 635 2401 scientia
662 2340 790 2420 praediti
818 2346 848 2399 et
871 2343 950 2401 inter
972 2343 1148 2422 principalia

95 2450 121 2488 rs
134 2432 248 2508 patriae
262 2438 383 2491 nostrae
398 2430 505 2490 decora
521 2430 661 2511 ponendi,
680 2432 831 2508 praevium
847 2429 1015 2490 Arvandum
1029 2431 1148 2511 publico

134 2520 254 2579 nomine
287 2521 455 2580 accusaturi
487 2537 555 2580 cum
587 2520 679 2597 gestis
712 2517 910 2579 decretalibus
940 2521 1148 2599 insequuntur.

135 2605 163 2667 5.
189 2609 240 2684 qui
263 2610 341 2669 inter
365 2615 473 2688 cetera,
497 2626 571 2687 quae
596 2607 653 2667 sibi
667 2606 873 2687 »provinciales
897 2608 1009 2686 agenda
1028 2609 1147 2670 manda-

133 2703 246 2776 verant,
269 2699 450 2777 interceptas
469 2697 583 2757 litteras
602 2696 784 2777 deferebant,
808 2715 881 2774 quas
900 2697 1029 2758 Arvandi
1049 2697 1146 2759 scriba

134 2791 289 2863 correptus
313 2786 465 2847 dominum
489 2787 615 2847 dictasse
639 2783 841 2864 profitebatur.
888 2785 960 2846 haec
985 2786 1020 2846 ad
1045 2805 1146 2866 regem

93 2893 119 2932 ao
134 2870 296 2934 Gothorum
312 2874 411 2935 charta
425 2874 581 2936 videbatur
595 2877 700 2956 emitti,
718 2891 821 2953 pacem
837 2892 904 2934 cnm
920 2873 1032 2935 Graeco
1052 2879 1146 2955 impc-

205 3082 221 3132 ὁ
241 3095 255 3131 c
275 3083 326 3148 (sp.
342 3086 357 3134 1
379 3081 396 3134 l.
411 3083 482 3147 one.)
503 3097 549 3134 am
568 3096 678 3149 semper
695 3085 746 3150 (sp.
762 3084 798 3135 13
817 3083 868 3136 titt.
884 3084 955 3149 ccc.)
975 3082 1022 3134 tur
1042 3087 1094 3152 (sp.
1109 3085 1148 3137 12

133 3150 149 3204 l.
169 3155 207 3214 o.)
228 3150 272 3203 nis
297 3166 363 3204 suaa
382 3151 422 3218 L,
446 3168 532 3220 quam
555 3150 991 3220 semperasasiursssssnis
1016 3170 1084 3208 suae
1107 3154 1146 3223 N,

131 3238 200 3276 corr.
220 3222 251 3275 in
270 3237 355 3289 quam
374 3238 484 3291 semper
502 3222 680 3278 iudicaretur.
720 3223 768 3277 sed
787 3223 1000 3293 gubernationis
1021 3241 1088 3280 suae
1102 3225 1136 3279 N
1138 3228 1146 3258 ¹

131 3290 141 3364 ll
159 3297 175 3345 6
190 3291 403 3362 gubernationis
417 3294 478 3349 VM
481 3294 510 3363 U,
530 3293 739 3363 dampnationis
751 3296 782 3364 T,
801 3295 846 3349 vel
858 3293 1074 3363 gubernationis
1090 3313 1111 3351 e.
1127 3297 1145 3352 i.

132 3365 195 3419 cdd.
213 3364 250 3418 Τ1
263 3367 272 3434 ΙΙ
288 3369 320 3417 12
339 3363 437 3418 mirari
455 3366 619 3434 Gustnfsson
638 3372 663 3421 et
677 3367 862 3433 Incetjobcrm,
881 3365 978 3419 rimari
996 3369 1088 3433 codd.;
1107 3385 1147 3422 an
1175 3388 1187 3397 ·

124 3435 292 3505 indignari?
317 3435 494 3504 Letetjobnnn
516 3440 525 3508 ll
551 3443 581 3491 13
601 3455 634 3492 cx
657 3437 764 3505 publici
782 3455 822 3508 sp.
838 3444 855 3492 4
874 3439 891 3493 i.
909 3456 934 3492 v.
954 3436 1002 3493 lici
1021 3456 1071 3495 om.
1092 3439 1118 3492 L
1136 3440 1146 3512 ll

112 3507 151 3552 14
171 3509 204 3557 et
215 3505 304 3574 prius
324 3505 436 3564 cinctus
456 3526 507 3566 ortt.
528 3510 578 3581 Lll
591 3514 626 3565 ‘24
644 3507 776 3580 scientia}
793 3509 876 3579 copia
895 3510 941 3578 Ti
