<?xml version="1.0" encoding="UTF-8"?>
<!DOCTYPE html PUBLIC "-//W3C//DTD XHTML 1.0 Transitional//EN"
    "http://www.w3.org/TR/xhtml1/DTD/xhtml1-transitional.dtd">
<html xmlns="http://www.w3.org/1999/xhtml" xml:lang="en" lang="en">
 <head>
  <title>
</title>
<meta http-equiv="Content-Type" content="text/html;charset=utf-8" />
  <meta name='ocr-system' content='tesseract 3.04.00' />
  <meta name='ocr-capabilities' content='ocr_page ocr_carea ocr_par ocr_line ocrx_word'/>
</head>
<body>
  <div class='ocr_page' id='page_1' title='image "./csolliusapollin00apolgoog_0341.png"; bbox 0 0 2414 3864; ppageno 0'>
   <div class='ocr_carea' id='block_1_1' title="bbox 97 153 719 220">
    <p class='ocr_par' dir='ltr' id='par_1_1' title="bbox 97 153 719 220">
     <span class='ocr_line' id='line_1_1' title="bbox 97 153 719 220; baseline 0 -10"><span class='ocrx_word' id='word_1_1' title='bbox 97 155 162 220; x_wconf 77' lang='lat'>288</span> <span class='ocrx_word' id='word_1_2' title='bbox 490 153 642 210; x_wconf 78' lang='lat' dir='ltr'><strong>CARMEN</strong></span> <span class='ocrx_word' id='word_1_3' title='bbox 659 154 719 210; x_wconf 84' lang='lat' dir='ltr'>VIL</span> 
     </span>
    </p>
   </div>
   <div class='ocr_carea' id='block_1_2' title="bbox 117 301 1066 829">
    <p class='ocr_par' dir='ltr' id='par_1_2' title="bbox 117 301 1066 829">
     <span class='ocr_line' id='line_1_2' title="bbox 188 301 1003 385; baseline -0.005 -21"><span class='ocrx_word' id='word_1_4' title='bbox 188 304 348 384; x_wconf 80' lang='lat' dir='ltr'><strong>sternebat,</strong></span> <span class='ocrx_word' id='word_1_5' title='bbox 370 302 575 385; x_wconf 79' lang='lat' dir='ltr'><strong>Rhenumque,</strong></span> <span class='ocrx_word' id='word_1_6' title='bbox 598 304 680 364; x_wconf 83' lang='lat' dir='ltr'>ferox</span> <span class='ocrx_word' id='word_1_7' title='bbox 704 303 876 384; x_wconf 80' lang='lat' dir='ltr'>hlamaune‚</span> <span class='ocrx_word' id='word_1_8' title='bbox 897 301 1003 364; x_wconf 78' lang='lat' dir='ltr'>bibebas</span> 
     </span>
     <span class='ocr_line' id='line_1_3' title="bbox 150 392 933 472; baseline 0.006 -26"><span class='ocrx_word' id='word_1_9' title='bbox 150 440 153 446; x_wconf 89' lang='lat'><em>.</em></span> <span class='ocrx_word' id='word_1_10' title='bbox 187 392 313 453; x_wconf 88' lang='lat' dir='ltr'>Romani</span> <span class='ocrx_word' id='word_1_11' title='bbox 336 394 409 471; x_wconf 85' lang='lat' dir='ltr'><strong>ripis</strong></span> <span class='ocrx_word' id='word_1_12' title='bbox 434 400 464 452; x_wconf 93' lang='lat' dir='ltr'>ct</span> <span class='ocrx_word' id='word_1_13' title='bbox 485 400 614 472; x_wconf 87' lang='lat' dir='ltr'>utroque</span> <span class='ocrx_word' id='word_1_14' title='bbox 638 393 786 472; x_wconf 90' lang='lat' dir='ltr'>superbus</span> <span class='ocrx_word' id='word_1_15' title='bbox 809 395 842 453; x_wconf 89' lang='lat' dir='ltr'>iu</span> <span class='ocrx_word' id='word_1_16' title='bbox 865 410 933 471; x_wconf 87' lang='lat' dir='ltr'>agro</span> 
     </span>
     <span class='ocr_line' id='line_1_4' title="bbox 117 481 992 561; baseline -0.008 -16"><span class='ocrx_word' id='word_1_17' title='bbox 117 495 169 544; x_wconf 78' lang='lat'>375</span> <span class='ocrx_word' id='word_1_18' title='bbox 188 481 234 542; x_wconf 91' lang='lat' dir='ltr'>vel</span> <span class='ocrx_word' id='word_1_19' title='bbox 258 484 331 542; x_wconf 90' lang='lat' dir='ltr'>civis</span> <span class='ocrx_word' id='word_1_20' title='bbox 354 481 400 542; x_wconf 90' lang='lat' dir='ltr'>vel</span> <span class='ocrx_word' id='word_1_21' title='bbox 422 483 516 542; x_wconf 86' lang='lat' dir='ltr'>victor</span> <span class='ocrx_word' id='word_1_22' title='bbox 540 500 615 542; x_wconf 90' lang='lat' dir='ltr'>eras.</span> <span class='ocrx_word' id='word_1_23' title='bbox 661 482 714 542; x_wconf 92' lang='lat' dir='ltr'>sed</span> <span class='ocrx_word' id='word_1_24' title='bbox 737 482 854 561; x_wconf 91' lang='lat' dir='ltr'>perdita</span> <span class='ocrx_word' id='word_1_25' title='bbox 877 496 992 542; x_wconf 87' lang='lat' dir='ltr'>cerneus</span> 
     </span>
     <span class='ocr_line' id='line_1_5' title="bbox 187 570 985 651; baseline -0.001 -20"><span class='ocrx_word' id='word_1_26' title='bbox 187 579 335 632; x_wconf 90' lang='lat' dir='ltr'>terrarum</span> <span class='ocrx_word' id='word_1_27' title='bbox 360 572 453 650; x_wconf 90' lang='lat' dir='ltr'>spatia</span> <span class='ocrx_word' id='word_1_28' title='bbox 476 573 616 650; x_wconf 90' lang='lat' dir='ltr'>princeps</span> <span class='ocrx_word' id='word_1_29' title='bbox 640 573 699 630; x_wconf 90' lang='lat' dir='ltr'>iam</span> <span class='ocrx_word' id='word_1_30' title='bbox 721 570 878 651; x_wconf 80' lang='lat' dir='ltr'>Maximus,</span> <span class='ocrx_word' id='word_1_31' title='bbox 901 586 985 631; x_wconf 92' lang='lat' dir='ltr'>unum</span> 
     </span>
     <span class='ocr_line' id='line_1_6' title="bbox 189 657 1066 740; baseline -0.009 -20"><span class='ocrx_word' id='word_1_32' title='bbox 189 660 268 738; x_wconf 91' lang='lat' dir='ltr'>quod</span> <span class='ocrx_word' id='word_1_33' title='bbox 282 660 338 721; x_wconf 86' lang='lat' dir='ltr'>fuit</span> <span class='ocrx_word' id='word_1_34' title='bbox 351 662 383 719; x_wconf 93' lang='lat' dir='ltr'>in</span> <span class='ocrx_word' id='word_1_35' title='bbox 401 659 501 740; x_wconf 86' lang='lat' dir='ltr'>rebus,</span> <span class='ocrx_word' id='word_1_36' title='bbox 519 659 712 739; x_wconf 85' lang='lat' dir='ltr'>peditumque</span> <span class='ocrx_word' id='word_1_37' title='bbox 728 663 924 739; x_wconf 87' lang='lat' dir='ltr'>equitumque</span> <span class='ocrx_word' id='word_1_38' title='bbox 938 657 1066 736; x_wconf 80' lang='lat' dir='ltr'>magistrun</span> 
     </span>
     <span class='ocr_line' id='line_1_7' title="bbox 187 747 944 829; baseline -0.001 -20"><span class='ocrx_word' id='word_1_39' title='bbox 187 756 217 809; x_wconf 90' lang='lat' dir='ltr'>te</span> <span class='ocrx_word' id='word_1_40' title='bbox 242 747 308 829; x_wconf 82' lang='lat' dir='ltr'>sibi,</span> <span class='ocrx_word' id='word_1_41' title='bbox 331 747 423 829; x_wconf 79' lang='lat' dir='ltr'>Avito,</span> <span class='ocrx_word' id='word_1_42' title='bbox 445 748 526 827; x_wconf 90' lang='lat' dir='ltr'>legit.</span> <span class='ocrx_word' id='word_1_43' title='bbox 573 747 672 809; x_wconf 91' lang='lat' dir='ltr'>collati</span> <span class='ocrx_word' id='word_1_44' title='bbox 695 767 798 810; x_wconf 93' lang='lat' dir='ltr'>rumor</span> <span class='ocrx_word' id='word_1_45' title='bbox 820 749 944 809; x_wconf 90' lang='lat' dir='ltr'>honoris</span> 
     </span>
    </p>
   </div>
   <div class='ocr_carea' id='block_1_3' title="bbox 116 836 1049 3229">
    <p class='ocr_par' dir='ltr' id='par_1_3' title="bbox 188 836 910 917">
     <span class='ocr_line' id='line_1_8' title="bbox 188 836 910 917; baseline 0.001 -21"><span class='ocrx_word' id='word_1_46' title='bbox 188 839 302 897; x_wconf 88' lang='lat' dir='ltr'>invenit</span> <span class='ocrx_word' id='word_1_47' title='bbox 324 836 491 917; x_wconf 76' lang='lat' dir='ltr'>angcolam,</span> <span class='ocrx_word' id='word_1_48' title='bbox 514 837 584 897; x_wconf 91' lang='lat' dir='ltr'>ssexi</span> <span class='ocrx_word' id='word_1_49' title='bbox 607 837 677 898; x_wconf 91' lang='lat' dir='ltr'>dum</span> <span class='ocrx_word' id='word_1_50' title='bbox 701 837 777 898; x_wconf 82' lang='lat' dir='ltr'>forte</span> <span class='ocrx_word' id='word_1_51' title='bbox 800 837 910 917; x_wconf 89' lang='lat' dir='ltr'>ligonis</span> 
     </span>
    </p>

    <p class='ocr_par' dir='ltr' id='par_1_4' title="bbox 117 925 1041 1362">
     <span class='ocr_line' id='line_1_9' title="bbox 117 925 883 1006; baseline 0 -20"><span class='ocrx_word' id='word_1_52' title='bbox 117 938 170 988; x_wconf 87' lang='lat'>380</span> <span class='ocrx_word' id='word_1_53' title='bbox 189 932 309 986; x_wconf 84' lang='lat' dir='ltr'>exercet</span> <span class='ocrx_word' id='word_1_54' title='bbox 332 926 436 986; x_wconf 88' lang='lat' dir='ltr'>dentes</span> <span class='ocrx_word' id='word_1_55' title='bbox 459 925 505 985; x_wconf 91' lang='lat' dir='ltr'>vel</span> <span class='ocrx_word' id='word_1_56' title='bbox 528 926 625 1005; x_wconf 90' lang='lat' dir='ltr'>pando</span> <span class='ocrx_word' id='word_1_57' title='bbox 648 944 760 1006; x_wconf 90' lang='lat' dir='ltr'>pronus</span> <span class='ocrx_word' id='word_1_58' title='bbox 784 934 883 987; x_wconf 91' lang='lat' dir='ltr'>aratro</span> 
     </span>
     <span class='ocr_line' id='line_1_10' title="bbox 188 1015 988 1094; baseline 0.003 -23"><span class='ocrx_word' id='word_1_59' title='bbox 188 1016 277 1075; x_wconf 87' lang='lat' dir='ltr'>vertit</span> <span class='ocrx_word' id='word_1_60' title='bbox 300 1016 484 1076; x_wconf 82' lang='lat' dir='ltr'>inexcoctam</span> <span class='ocrx_word' id='word_1_61' title='bbox 507 1033 561 1094; x_wconf 91' lang='lat' dir='ltr'>per</span> <span class='ocrx_word' id='word_1_62' title='bbox 583 1016 705 1094; x_wconf 82' lang='lat' dir='ltr'>pinguia</span> <span class='ocrx_word' id='word_1_63' title='bbox 728 1018 831 1094; x_wconf 89' lang='lat' dir='ltr'>iugera</span> <span class='ocrx_word' id='word_1_64' title='bbox 855 1015 988 1094; x_wconf 88' lang='lat' dir='ltr'>glaebam.</span> 
     </span>
     <span class='ocr_line' id='line_1_11' title="bbox 189 1103 1041 1184; baseline -0.009 -21"><span class='ocrx_word' id='word_1_65' title='bbox 189 1105 233 1163; x_wconf 90' lang='lat' dir='ltr'>sic</span> <span class='ocrx_word' id='word_1_66' title='bbox 256 1104 404 1182; x_wconf 91' lang='lat' dir='ltr'>quondam</span> <span class='ocrx_word' id='word_1_67' title='bbox 428 1103 464 1164; x_wconf 94' lang='lat' dir='ltr'>ad</span> <span class='ocrx_word' id='word_1_68' title='bbox 487 1106 600 1183; x_wconf 83' lang='lat' dir='ltr'>patriae</span> <span class='ocrx_word' id='word_1_69' title='bbox 623 1122 672 1165; x_wconf 90' lang='lat' dir='ltr'>res</span> <span class='ocrx_word' id='word_1_70' title='bbox 697 1105 804 1166; x_wconf 80' lang='lat' dir='ltr'>fractas</span> <span class='ocrx_word' id='word_1_71' title='bbox 827 1123 941 1184; x_wconf 90' lang='lat' dir='ltr'>pauper</span> <span class='ocrx_word' id='word_1_72' title='bbox 963 1108 1041 1172; x_wconf 85' lang='lat' dir='ltr'>arator,</span> 
     </span>
     <span class='ocr_line' id='line_1_12' title="bbox 189 1191 994 1274; baseline -0.001 -23"><span class='ocrx_word' id='word_1_73' title='bbox 189 1191 371 1273; x_wconf 71' lang='lat' dir='ltr'>cincinnate,</span> <span class='ocrx_word' id='word_1_74' title='bbox 394 1195 486 1274; x_wconf 85' lang='lat' dir='ltr'>venis,</span> <span class='ocrx_word' id='word_1_75' title='bbox 509 1200 640 1253; x_wconf 88' lang='lat' dir='ltr'>veterem</span> <span class='ocrx_word' id='word_1_76' title='bbox 664 1210 731 1253; x_wconf 92' lang='lat' dir='ltr'>cum</span> <span class='ocrx_word' id='word_1_77' title='bbox 753 1200 783 1254; x_wconf 93' lang='lat' dir='ltr'>te</span> <span class='ocrx_word' id='word_1_78' title='bbox 807 1193 907 1254; x_wconf 89' lang='lat' dir='ltr'>induit</span> <span class='ocrx_word' id='word_1_79' title='bbox 928 1209 994 1254; x_wconf 92' lang='lat' dir='ltr'>uxor</span> 
     </span>
     <span class='ocr_line' id='line_1_13' title="bbox 188 1281 938 1362; baseline 0.003 -22"><span class='ocrx_word' id='word_1_80' title='bbox 188 1287 256 1341; x_wconf 89' lang='lat' dir='ltr'>autc</span> <span class='ocrx_word' id='word_1_81' title='bbox 278 1281 369 1341; x_wconf 93' lang='lat' dir='ltr'>boves</span> <span class='ocrx_word' id='word_1_82' title='bbox 392 1281 525 1343; x_wconf 82' lang='lat' dir='ltr'>trabeam</span> <span class='ocrx_word' id='word_1_83' title='bbox 548 1281 782 1361; x_wconf 86' lang='lat' dir='ltr'>dictatoremque</span> <span class='ocrx_word' id='word_1_84' title='bbox 806 1282 938 1362; x_wconf 85' lang='lat' dir='ltr'>salignae</span> 
     </span>
    </p>

    <p class='ocr_par' dir='ltr' id='par_1_5' title="bbox 118 1370 964 1629">
     <span class='ocr_line' id='line_1_14' title="bbox 118 1370 964 1450; baseline 0.002 -20"><span class='ocrx_word' id='word_1_85' title='bbox 118 1382 170 1432; x_wconf 81' lang='grc'>990</span> <span class='ocrx_word' id='word_1_86' title='bbox 190 1388 333 1449; x_wconf 81' lang='lat' dir='ltr'>excepere</span> <span class='ocrx_word' id='word_1_87' title='bbox 357 1370 436 1430; x_wconf 86' lang='lat' dir='ltr'>iores</span> <span class='ocrx_word' id='word_1_88' title='bbox 460 1380 548 1450; x_wconf 90' lang='lat' dir='ltr'>atquc</span> <span class='ocrx_word' id='word_1_89' title='bbox 571 1370 607 1431; x_wconf 91' lang='lat' dir='ltr'>ad</span> <span class='ocrx_word' id='word_1_90' title='bbox 632 1389 686 1432; x_wconf 92' lang='lat' dir='ltr'>sua</span> <span class='ocrx_word' id='word_1_91' title='bbox 707 1378 785 1432; x_wconf 90' lang='lat' dir='ltr'>tecta</span> <span class='ocrx_word' id='word_1_92' title='bbox 808 1371 964 1450; x_wconf 82' lang='lat' dir='ltr'>ferentem,</span> 
     </span>
     <span class='ocr_line' id='line_1_15' title="bbox 190 1458 963 1541; baseline 0.003 -23"><span class='ocrx_word' id='word_1_93' title='bbox 190 1458 269 1537; x_wconf 94' lang='lat' dir='ltr'>quod</span> <span class='ocrx_word' id='word_1_94' title='bbox 292 1477 352 1519; x_wconf 93' lang='lat' dir='ltr'>non</span> <span class='ocrx_word' id='word_1_95' title='bbox 374 1463 514 1541; x_wconf 85' lang='lat' dir='ltr'>persevit,</span> <span class='ocrx_word' id='word_1_96' title='bbox 536 1462 676 1539; x_wconf 88' lang='lat' dir='ltr'>turpique</span> <span class='ocrx_word' id='word_1_97' title='bbox 700 1479 716 1520; x_wconf 90' lang='lat' dir='ltr'>e</span> <span class='ocrx_word' id='word_1_98' title='bbox 740 1461 820 1521; x_wconf 82' lang='lat' dir='ltr'>fasce</span> <span class='ocrx_word' id='word_1_99' title='bbox 845 1467 963 1539; x_wconf 87' lang='lat' dir='ltr'>gravata</span> 
     </span>
     <span class='ocr_line' id='line_1_16' title="bbox 188 1547 900 1629; baseline 0.006 -23"><span class='ocrx_word' id='word_1_100' title='bbox 188 1547 246 1607; x_wconf 79' lang='lat' dir='ltr'>vile</span> <span class='ocrx_word' id='word_1_101' title='bbox 269 1547 457 1627; x_wconf 92' lang='lat' dir='ltr'>triumphalis</span> <span class='ocrx_word' id='word_1_102' title='bbox 480 1551 609 1628; x_wconf 89' lang='lat' dir='ltr'>portarit</span> <span class='ocrx_word' id='word_1_103' title='bbox 631 1567 763 1629; x_wconf 87' lang='lat' dir='ltr'>purpura</span> <span class='ocrx_word' id='word_1_104' title='bbox 787 1568 900 1610; x_wconf 88' lang='lat' dir='ltr'>semen.</span> 
     </span>
    </p>

    <p class='ocr_par' dir='ltr' id='par_1_6' title="bbox 233 1635 998 1718">
     <span class='ocr_line' id='line_1_17' title="bbox 233 1635 998 1718; baseline -0.001 -21"><span class='ocrx_word' id='word_1_105' title='bbox 233 1635 271 1697; x_wconf 90' lang='lat' dir='ltr'>Ut</span> <span class='ocrx_word' id='word_1_106' title='bbox 293 1639 423 1716; x_wconf 90' lang='lat' dir='ltr'>primum</span> <span class='ocrx_word' id='word_1_107' title='bbox 446 1640 556 1716; x_wconf 82' lang='lat' dir='ltr'>ingesti</span> <span class='ocrx_word' id='word_1_108' title='bbox 578 1637 695 1718; x_wconf 92' lang='lat' dir='ltr'>pondus</span> <span class='ocrx_word' id='word_1_109' title='bbox 718 1641 852 1717; x_wconf 89' lang='lat' dir='ltr'>suscepit</span> <span class='ocrx_word' id='word_1_110' title='bbox 874 1638 998 1716; x_wconf 86' lang='lat' dir='ltr'>honoris,</span> 
     </span>
    </p>

    <p class='ocr_par' dir='ltr' id='par_1_7' title="bbox 188 1724 967 1807">
     <span class='ocr_line' id='line_1_18' title="bbox 188 1724 967 1807; baseline 0.004 -23"><span class='ocrx_word' id='word_1_111' title='bbox 188 1724 278 1805; x_wconf 84' lang='lat' dir='ltr'>legas,</span> <span class='ocrx_word' id='word_1_112' title='bbox 302 1727 353 1804; x_wconf 92' lang='lat' dir='ltr'>qui</span> <span class='ocrx_word' id='word_1_113' title='bbox 375 1728 491 1786; x_wconf 88' lang='lat' dir='ltr'>reniam</span> <span class='ocrx_word' id='word_1_114' title='bbox 514 1734 647 1806; x_wconf 86' lang='lat' dir='ltr'>poscant,</span> <span class='ocrx_word' id='word_1_115' title='bbox 669 1726 840 1807; x_wconf 81' lang='lat' dir='ltr'>Alamanne‚</span> <span class='ocrx_word' id='word_1_116' title='bbox 863 1728 967 1807; x_wconf 79' lang='lat' dir='ltr'>furori,</span> 
     </span>
    </p>

    <p class='ocr_par' dir='ltr' id='par_1_8' title="bbox 117 1814 1049 2252">
     <span class='ocr_line' id='line_1_19' title="bbox 117 1814 975 1896; baseline -0.001 -21"><span class='ocrx_word' id='word_1_117' title='bbox 117 1827 170 1875; x_wconf 85' lang='grc'>390</span> <span class='ocrx_word' id='word_1_118' title='bbox 190 1814 314 1874; x_wconf 84' lang='lat' dir='ltr'>Saxonis</span> <span class='ocrx_word' id='word_1_119' title='bbox 337 1817 477 1876; x_wconf 91' lang='lat' dir='ltr'>incursus</span> <span class='ocrx_word' id='word_1_120' title='bbox 500 1823 607 1896; x_wconf 81' lang='lat' dir='ltr'>cessat,</span> <span class='ocrx_word' id='word_1_121' title='bbox 630 1815 826 1896; x_wconf 85' lang='lat' dir='ltr'>Chattumque</span> <span class='ocrx_word' id='word_1_122' title='bbox 850 1816 975 1895; x_wconf 86' lang='lat' dir='ltr'>palustri</span> 
     </span>
     <span class='ocr_line' id='line_1_20' title="bbox 189 1902 1049 1985; baseline -0.005 -24"><span class='ocrx_word' id='word_1_123' title='bbox 189 1902 287 1981; x_wconf 90' lang='lat' dir='ltr'>alligat</span> <span class='ocrx_word' id='word_1_124' title='bbox 309 1903 391 1963; x_wconf 78' lang='lat' dir='ltr'>Albis</span> <span class='ocrx_word' id='word_1_125' title='bbox 414 1923 502 1985; x_wconf 83' lang='lat' dir='ltr'>aqua3</span> <span class='ocrx_word' id='word_1_126' title='bbox 525 1906 632 1983; x_wconf 86' lang='lat' dir='ltr'>vixque</span> <span class='ocrx_word' id='word_1_127' title='bbox 655 1905 711 1966; x_wconf 92' lang='lat' dir='ltr'>hoc</span> <span class='ocrx_word' id='word_1_128' title='bbox 734 1912 781 1965; x_wconf 90' lang='lat' dir='ltr'>ter</span> <span class='ocrx_word' id='word_1_129' title='bbox 803 1913 958 1967; x_wconf 91' lang='lat' dir='ltr'>menstrua</span> <span class='ocrx_word' id='word_1_130' title='bbox 979 1907 1049 1963; x_wconf 89' lang='lat' dir='ltr'>totam</span> 
     </span>
     <span class='ocr_line' id='line_1_21' title="bbox 189 1991 983 2073; baseline 0.004 -23"><span class='ocrx_word' id='word_1_131' title='bbox 189 1991 258 2052; x_wconf 92' lang='lat' dir='ltr'>luna</span> <span class='ocrx_word' id='word_1_132' title='bbox 281 1992 369 2073; x_wconf 83' lang='lat' dir='ltr'>videt,</span> <span class='ocrx_word' id='word_1_133' title='bbox 392 1994 509 2071; x_wconf 90' lang='lat' dir='ltr'>iamque</span> <span class='ocrx_word' id='word_1_134' title='bbox 533 1993 569 2053; x_wconf 94' lang='lat' dir='ltr'>ad</span> <span class='ocrx_word' id='word_1_135' title='bbox 592 1993 721 2073; x_wconf 86' lang='lat' dir='ltr'>populos</span> <span class='ocrx_word' id='word_1_136' title='bbox 741 2013 775 2054; x_wconf 93' lang='lat' dir='ltr'>ac</span> <span class='ocrx_word' id='word_1_137' title='bbox 798 2012 869 2055; x_wconf 91' lang='lat' dir='ltr'>rura</span> <span class='ocrx_word' id='word_1_138' title='bbox 893 1995 983 2055; x_wconf 82' lang='lat' dir='ltr'>feroci</span> 
     </span>
     <span class='ocr_line' id='line_1_22' title="bbox 188 2080 1011 2164; baseline 0 -24"><span class='ocrx_word' id='word_1_139' title='bbox 188 2087 270 2141; x_wconf 89' lang='lat' dir='ltr'>tenta</span> <span class='ocrx_word' id='word_1_140' title='bbox 293 2080 383 2141; x_wconf 88' lang='lat' dir='ltr'>Getae</span> <span class='ocrx_word' id='word_1_141' title='bbox 405 2082 556 2160; x_wconf 91' lang='lat' dir='ltr'>pertendit</span> <span class='ocrx_word' id='word_1_142' title='bbox 578 2084 644 2164; x_wconf 81' lang='lat' dir='ltr'>iter,</span> <span class='ocrx_word' id='word_1_143' title='bbox 668 2101 724 2161; x_wconf 92' lang='lat' dir='ltr'>qua</span> <span class='ocrx_word' id='word_1_144' title='bbox 748 2082 853 2162; x_wconf 89' lang='lat' dir='ltr'>pulsus</span> <span class='ocrx_word' id='word_1_145' title='bbox 876 2083 913 2144; x_wconf 91' lang='lat' dir='ltr'>ab</span> <span class='ocrx_word' id='word_1_146' title='bbox 938 2089 1011 2144; x_wconf 86' lang='lat' dir='ltr'>aestu</span> 
     </span>
     <span class='ocr_line' id='line_1_23' title="bbox 188 2169 992 2252; baseline 0.005 -23"><span class='ocrx_word' id='word_1_147' title='bbox 188 2169 324 2231; x_wconf 85' lang='lat' dir='ltr'>Oceanus</span> <span class='ocrx_word' id='word_1_148' title='bbox 348 2170 475 2230; x_wconf 87' lang='lat' dir='ltr'>refluum</span> <span class='ocrx_word' id='word_1_149' title='bbox 499 2173 611 2250; x_wconf 83' lang='lat' dir='ltr'>spargit</span> <span class='ocrx_word' id='word_1_150' title='bbox 633 2189 688 2250; x_wconf 89' lang='lat' dir='ltr'>per</span> <span class='ocrx_word' id='word_1_151' title='bbox 711 2171 789 2233; x_wconf 92' lang='lat' dir='ltr'>culta</span> <span class='ocrx_word' id='word_1_152' title='bbox 812 2171 992 2252; x_wconf 68' lang='lat' dir='ltr'>Garunnam</span> 
     </span>
    </p>

    <p class='ocr_par' dir='ltr' id='par_1_9' title="bbox 117 2259 1048 2695">
     <span class='ocr_line' id='line_1_24' title="bbox 117 2259 962 2322; baseline 0.001 -1"><span class='ocrx_word' id='word_1_153' title='bbox 117 2272 169 2321; x_wconf 82' lang='grc'>395</span> <span class='ocrx_word' id='word_1_154' title='bbox 188 2261 220 2318; x_wconf 92' lang='lat' dir='ltr'>in</span> <span class='ocrx_word' id='word_1_155' title='bbox 243 2259 354 2319; x_wconf 87' lang='lat' dir='ltr'>ssumen</span> <span class='ocrx_word' id='word_1_156' title='bbox 378 2266 516 2320; x_wconf 91' lang='lat' dir='ltr'>currente</span> <span class='ocrx_word' id='word_1_157' title='bbox 540 2262 615 2319; x_wconf 93' lang='lat' dir='ltr'>mari</span> <span class='ocrx_word' id='word_1_158' title='bbox 637 2261 821 2322; x_wconf 90' lang='lat' dir='ltr'>transcendit</span> <span class='ocrx_word' id='word_1_159' title='bbox 844 2278 962 2322; x_wconf 92' lang='lat' dir='ltr'>amarus</span> 
     </span>
     <span class='ocr_line' id='line_1_25' title="bbox 187 2346 1048 2430; baseline -0.001 -23"><span class='ocrx_word' id='word_1_160' title='bbox 187 2346 294 2408; x_wconf 91' lang='lat' dir='ltr'>blanda</span> <span class='ocrx_word' id='word_1_161' title='bbox 317 2347 427 2408; x_wconf 90' lang='lat' dir='ltr'>fluenta</span> <span class='ocrx_word' id='word_1_162' title='bbox 450 2348 537 2429; x_wconf 78' lang='lat' dir='ltr'>latex,</span> <span class='ocrx_word' id='word_1_163' title='bbox 560 2349 701 2428; x_wconf 82' lang='lat' dir='ltr'>fluviique</span> <span class='ocrx_word' id='word_1_164' title='bbox 725 2352 853 2429; x_wconf 88' lang='lat' dir='ltr'>impacta</span> <span class='ocrx_word' id='word_1_165' title='bbox 875 2369 932 2430; x_wconf 92' lang='lat' dir='ltr'>per</span> <span class='ocrx_word' id='word_1_166' title='bbox 953 2348 1048 2410; x_wconf 82' lang='lat' dir='ltr'>alveum</span> 
     </span>
     <span class='ocr_line' id='line_1_26' title="bbox 189 2436 1008 2518; baseline 0 -22"><span class='ocrx_word' id='word_1_167' title='bbox 189 2436 265 2497; x_wconf 92' lang='lat' dir='ltr'>salsa</span> <span class='ocrx_word' id='word_1_168' title='bbox 287 2439 479 2515; x_wconf 89' lang='lat' dir='ltr'>peregrinum</span> <span class='ocrx_word' id='word_1_169' title='bbox 503 2437 560 2497; x_wconf 92' lang='lat' dir='ltr'>sibi</span> <span class='ocrx_word' id='word_1_170' title='bbox 583 2440 699 2516; x_wconf 86' lang='lat' dir='ltr'>navigat</span> <span class='ocrx_word' id='word_1_171' title='bbox 722 2439 800 2499; x_wconf 93' lang='lat' dir='ltr'>unda</span> <span class='ocrx_word' id='word_1_172' title='bbox 823 2439 1008 2518; x_wconf 86' lang='lat' dir='ltr'>profundum.</span> 
     </span>
     <span class='ocr_line' id='line_1_27' title="bbox 187 2526 870 2605; baseline 0.004 -20"><span class='ocrx_word' id='word_1_173' title='bbox 187 2526 236 2586; x_wconf 93' lang='lat' dir='ltr'>hic</span> <span class='ocrx_word' id='word_1_174' title='bbox 260 2529 318 2585; x_wconf 93' lang='lat' dir='ltr'>iam</span> <span class='ocrx_word' id='word_1_175' title='bbox 342 2526 486 2605; x_wconf 90' lang='lat' dir='ltr'>disposito</span> <span class='ocrx_word' id='word_1_176' title='bbox 509 2526 641 2587; x_wconf 90' lang='lat' dir='ltr'>laxantes</span> <span class='ocrx_word' id='word_1_177' title='bbox 664 2528 748 2588; x_wconf 87' lang='lat' dir='ltr'>frena</span> <span class='ocrx_word' id='word_1_178' title='bbox 772 2527 870 2589; x_wconf 88' lang='lat' dir='ltr'>duello</span> 
     </span>
     <span class='ocr_line' id='line_1_28' title="bbox 187 2615 931 2695; baseline 0.005 -21"><span class='ocrx_word' id='word_1_179' title='bbox 187 2615 331 2674; x_wconf 88' lang='lat' dir='ltr'>Vesorum</span> <span class='ocrx_word' id='word_1_180' title='bbox 353 2633 493 2693; x_wconf 90' lang='lat' dir='ltr'>proceres</span> <span class='ocrx_word' id='word_1_181' title='bbox 516 2617 624 2695; x_wconf 87' lang='lat' dir='ltr'>raptim</span> <span class='ocrx_word' id='word_1_182' title='bbox 648 2616 803 2695; x_wconf 88' lang='lat' dir='ltr'>suspendit</span> <span class='ocrx_word' id='word_1_183' title='bbox 826 2617 862 2678; x_wconf 93' lang='lat' dir='ltr'>ab</span> <span class='ocrx_word' id='word_1_184' title='bbox 886 2619 931 2678; x_wconf 91' lang='lat' dir='ltr'>ira</span> 
     </span>
    </p>

    <p class='ocr_par' dir='ltr' id='par_1_10' title="bbox 116 2704 1009 3140">
     <span class='ocr_line' id='line_1_29' title="bbox 116 2704 953 2784; baseline 0.002 -20"><span class='ocrx_word' id='word_1_185' title='bbox 116 2716 168 2766; x_wconf 94' lang='grc'>400</span> <span class='ocrx_word' id='word_1_186' title='bbox 188 2721 298 2783; x_wconf 87' lang='lat' dir='ltr'>rumor,</span> <span class='ocrx_word' id='word_1_187' title='bbox 322 2706 472 2764; x_wconf 93' lang='lat' dir='ltr'>succincto</span> <span class='ocrx_word' id='word_1_188' title='bbox 496 2704 629 2764; x_wconf 87' lang='lat' dir='ltr'>referens</span> <span class='ocrx_word' id='word_1_189' title='bbox 653 2705 811 2784; x_wconf 86' lang='lat' dir='ltr'>diplomate</span> <span class='ocrx_word' id='word_1_190' title='bbox 835 2706 953 2767; x_wconf 77' lang='lat' dir='ltr'>Avitum</span> 
     </span>
     <span class='ocr_line' id='line_1_30' title="bbox 187 2792 1009 2874; baseline 0.004 -23"><span class='ocrx_word' id='word_1_191' title='bbox 187 2795 246 2852; x_wconf 92' lang='lat' dir='ltr'>iam</span> <span class='ocrx_word' id='word_1_192' title='bbox 270 2792 386 2852; x_wconf 86' lang='lat' dir='ltr'>Geticas</span> <span class='ocrx_word' id='word_1_193' title='bbox 410 2795 521 2853; x_wconf 88' lang='lat' dir='ltr'>intrare</span> <span class='ocrx_word' id='word_1_194' title='bbox 545 2793 649 2853; x_wconf 90' lang='lat' dir='ltr'>domos</span> <span class='ocrx_word' id='word_1_195' title='bbox 671 2796 827 2873; x_wconf 89' lang='lat' dir='ltr'>positaque</span> <span class='ocrx_word' id='word_1_196' title='bbox 850 2812 1009 2874; x_wconf 91' lang='lat' dir='ltr'>parumper</span> 
     </span>
     <span class='ocr_line' id='line_1_31' title="bbox 187 2881 799 2960; baseline 0.003 -19"><span class='ocrx_word' id='word_1_197' title='bbox 187 2881 263 2942; x_wconf 89' lang='lat' dir='ltr'>mole</span> <span class='ocrx_word' id='word_1_198' title='bbox 287 2883 450 2960; x_wconf 91' lang='lat' dir='ltr'>magisterii</span> <span class='ocrx_word' id='word_1_199' title='bbox 473 2881 561 2960; x_wconf 82' lang='lat' dir='ltr'>legati</span> <span class='ocrx_word' id='word_1_200' title='bbox 584 2884 649 2943; x_wconf 94' lang='lat' dir='ltr'>iura</span> <span class='ocrx_word' id='word_1_201' title='bbox 673 2883 799 2943; x_wconf 87' lang='lat' dir='ltr'>subisse.</span> 
     </span>
     <span class='ocr_line' id='line_1_32' title="bbox 188 2970 1001 3051; baseline 0.005 -22"><span class='ocrx_word' id='word_1_202' title='bbox 188 2970 367 3050; x_wconf 91' lang='lat' dir='ltr'>obstupuere</span> <span class='ocrx_word' id='word_1_203' title='bbox 391 2970 482 3031; x_wconf 89' lang='lat' dir='ltr'>duces</span> <span class='ocrx_word' id='word_1_204' title='bbox 505 2973 617 3049; x_wconf 92' lang='lat' dir='ltr'>pariter</span> <span class='ocrx_word' id='word_1_205' title='bbox 640 2971 856 3051; x_wconf 80' lang='lat' dir='ltr'>Scythicusque</span> <span class='ocrx_word' id='word_1_206' title='bbox 880 2979 1001 3035; x_wconf 89' lang='lat' dir='ltr'>senatus</span> 
     </span>
     <span class='ocr_line' id='line_1_33' title="bbox 188 3061 923 3140; baseline 0.008 -23"><span class='ocrx_word' id='word_1_207' title='bbox 188 3067 217 3118; x_wconf 93' lang='lat' dir='ltr'>et</span> <span class='ocrx_word' id='word_1_208' title='bbox 239 3062 375 3140; x_wconf 73' lang='lat' dir='ltr'>timuere,</span> <span class='ocrx_word' id='word_1_209' title='bbox 399 3077 481 3120; x_wconf 93' lang='lat' dir='ltr'>suam</span> <span class='ocrx_word' id='word_1_210' title='bbox 504 3078 607 3138; x_wconf 93' lang='lat' dir='ltr'>pacem</span> <span class='ocrx_word' id='word_1_211' title='bbox 630 3078 668 3120; x_wconf 92' lang='lat' dir='ltr'>nc</span> <span class='ocrx_word' id='word_1_212' title='bbox 691 3061 767 3121; x_wconf 82' lang='lat' dir='ltr'>forte</span> <span class='ocrx_word' id='word_1_213' title='bbox 791 3070 923 3140; x_wconf 89' lang='lat' dir='ltr'>negaret.</span> 
     </span>
    </p>

    <p class='ocr_par' dir='ltr' id='par_1_11' title="bbox 117 3147 1003 3229">
     <span class='ocr_line' id='line_1_34' title="bbox 117 3147 1003 3229; baseline 0.005 -22"><span class='ocrx_word' id='word_1_214' title='bbox 117 3159 168 3208; x_wconf 82' lang='grc'>400</span> <span class='ocrx_word' id='word_1_215' title='bbox 188 3150 231 3207; x_wconf 92' lang='lat' dir='ltr'>sic</span> <span class='ocrx_word' id='word_1_216' title='bbox 254 3147 362 3209; x_wconf 83' lang='lat' dir='ltr'>rutilus</span> <span class='ocrx_word' id='word_1_217' title='bbox 384 3148 545 3209; x_wconf 89' lang='lat' dir='ltr'>Phaetonta</span> <span class='ocrx_word' id='word_1_218' title='bbox 568 3147 663 3209; x_wconf 89' lang='lat' dir='ltr'>levem</span> <span class='ocrx_word' id='word_1_219' title='bbox 686 3167 754 3209; x_wconf 93' lang='lat' dir='ltr'>cum</span> <span class='ocrx_word' id='word_1_220' title='bbox 778 3159 917 3229; x_wconf 89' lang='lat' dir='ltr'>carperet</span> <span class='ocrx_word' id='word_1_221' title='bbox 939 3153 1003 3211; x_wconf 90' lang='lat' dir='ltr'>axis</span> 
     </span>
    </p>
   </div>
   <div class='ocr_carea' id='block_1_4' title="bbox 96 3299 1085 3522">
    <p class='ocr_par' dir='ltr' id='par_1_12' title="bbox 96 3299 1085 3522">
     <span class='ocr_line' id='line_1_35' title="bbox 170 3299 1072 3374; baseline 0.008 -21"><span class='ocrx_word' id='word_1_222' title='bbox 170 3305 222 3355; x_wconf 78' lang='lat'>374</span> <span class='ocrx_word' id='word_1_223' title='bbox 245 3299 379 3354; x_wconf 87' lang='lat' dir='ltr'>Romanis</span> <span class='ocrx_word' id='word_1_224' title='bbox 403 3303 484 3372; x_wconf 75' lang='lat' dir='ltr'>culpo</span> <span class='ocrx_word' id='word_1_225' title='bbox 511 3305 520 3371; x_wconf 80' lang='grc' dir='ltr'>ΙΙ</span> <span class='ocrx_word' id='word_1_226' title='bbox 547 3307 599 3356; x_wconf 87' lang='grc'>380</span> <span class='ocrx_word' id='word_1_227' title='bbox 622 3301 788 3372; x_wconf 86' lang='lat' dir='ltr'>permiscuit</span> <span class='ocrx_word' id='word_1_228' title='bbox 811 3303 850 3356; x_wconf 85' lang='lat' dir='ltr'><strong><em>M</em></strong></span> <span class='ocrx_word' id='word_1_229' title='bbox 853 3347 860 3374; x_wconf 82' lang='grc'><em>,</em></span> <span class='ocrx_word' id='word_1_230' title='bbox 889 3302 1072 3374; x_wconf 82' lang='lat' dir='ltr'>persecuitF</span> 
     </span>
     <span class='ocr_line' id='line_1_36' title="bbox 99 3372 1085 3444; baseline 0.007 -20"><span class='ocrx_word' id='word_1_231' title='bbox 99 3376 151 3424; x_wconf 86' lang='grc'>300</span> <span class='ocrx_word' id='word_1_232' title='bbox 170 3372 280 3425; x_wconf 86' lang='lat' dir='ltr'>cessant</span> <span class='ocrx_word' id='word_1_233' title='bbox 300 3372 353 3441; x_wconf 78' lang='lat' dir='ltr'>Fu</span> <span class='ocrx_word' id='word_1_234' title='bbox 371 3380 420 3428; x_wconf 88' lang='grc'>391</span> <span class='ocrx_word' id='word_1_235' title='bbox 442 3389 492 3444; x_wconf 77' lang='lat' dir='ltr'>ona.</span> <span class='ocrx_word' id='word_1_236' title='bbox 509 3373 540 3427; x_wconf 87' lang='lat' dir='ltr'><em>F</em></span> <span class='ocrx_word' id='word_1_237' title='bbox 551 3378 555 3442; x_wconf 79' lang='grc' dir='ltr'>Ι</span> <span class='ocrx_word' id='word_1_238' title='bbox 571 3372 618 3426; x_wconf 88' lang='lat' dir='ltr'>vix</span> <span class='ocrx_word' id='word_1_239' title='bbox 641 3374 824 3429; x_wconf 77' lang='lat' dir='ltr'>Wa&#39;laatoaoa&#39;ta</span> <span class='ocrx_word' id='word_1_240' title='bbox 844 3377 854 3442; x_wconf 74' lang='lat' dir='ltr'>ss</span> <span class='ocrx_word' id='word_1_241' title='bbox 874 3381 928 3431; x_wconf 89' lang='grc'>401</span> <span class='ocrx_word' id='word_1_242' title='bbox 950 3372 1085 3433; x_wconf 79' lang='lat' dir='ltr'>domuad</span> 
     </span>
     <span class='ocr_line' id='line_1_37' title="bbox 96 3443 1085 3522; baseline 0.004 -24"><span class='ocrx_word' id='word_1_243' title='bbox 96 3444 132 3512; x_wconf 80' lang='lat' dir='ltr'>cf.</span> <span class='ocrx_word' id='word_1_244' title='bbox 148 3460 169 3499; x_wconf 87' lang='lat' dir='ltr'>c.</span> <span class='ocrx_word' id='word_1_245' title='bbox 184 3443 227 3513; x_wconf 86' lang='lat' dir='ltr'>II,</span> <span class='ocrx_word' id='word_1_246' title='bbox 241 3448 296 3499; x_wconf 85' lang='grc'>450</span> <span class='ocrx_word' id='word_1_247' title='bbox 309 3447 319 3513; x_wconf 76' lang='grc' dir='ltr'>ΙΙ</span> <span class='ocrx_word' id='word_1_248' title='bbox 332 3448 384 3497; x_wconf 82' lang='grc'>400</span> <span class='ocrx_word' id='word_1_249' title='bbox 402 3445 511 3501; x_wconf 82' lang='lat' dir='ltr'>fetente</span> <span class='ocrx_word' id='word_1_250' title='bbox 525 3445 616 3499; x_wconf 88' lang='lat' dir='ltr'>levem</span> <span class='ocrx_word' id='word_1_251' title='bbox 630 3445 671 3514; x_wconf 84' lang='lat' dir='ltr'>M,</span> <span class='ocrx_word' id='word_1_252' title='bbox 690 3445 813 3514; x_wconf 79' lang='lat' dir='ltr'>phaeton</span> <span class='ocrx_word' id='word_1_253' title='bbox 830 3445 947 3502; x_wconf 86' lang='lat' dir='ltr'>aleuum</span> <span class='ocrx_word' id='word_1_254' title='bbox 964 3450 994 3522; x_wconf 80' lang='grc'>0,</span> <span class='ocrx_word' id='word_1_255' title='bbox 1012 3449 1085 3522; x_wconf 83' lang='lat' dir='ltr'>phata</span> 
     </span>
    </p>
   </div>
   <div class='ocr_carea' id='block_1_5' title="bbox 89 3515 532 3592">
    <p class='ocr_par' dir='ltr' id='par_1_13' title="bbox 89 3515 532 3592">
     <span class='ocr_line' id='line_1_38' title="bbox 89 3515 532 3592; baseline 0.005 -22"><span class='ocrx_word' id='word_1_256' title='bbox 89 3515 188 3573; x_wconf 78' lang='lat' dir='ltr'>leuum</span> <span class='ocrx_word' id='word_1_257' title='bbox 210 3518 241 3592; x_wconf 80' lang='grc' dir='ltr'>Τ,</span> <span class='ocrx_word' id='word_1_258' title='bbox 262 3515 346 3574; x_wconf 86' lang='lat' dir='ltr'>feton</span> <span class='ocrx_word' id='word_1_259' title='bbox 361 3517 459 3573; x_wconf 83' lang='lat' dir='ltr'>ieram</span> <span class='ocrx_word' id='word_1_260' title='bbox 479 3516 532 3586; x_wconf 70' lang='lat' dir='ltr'>up</span> 
     </span>
    </p>
   </div>
   <div class='ocr_carea' id='block_1_6' title="bbox 0 0 1212 3864">
    <p class='ocr_par' dir='ltr' id='par_1_14' title="bbox 0 0 1212 3864">
     <span class='ocr_line' id='line_1_39' title="bbox 0 0 1212 3864; baseline 0 0"><span class='ocrx_word' id='word_1_261' title='bbox 0 0 1212 3864; x_wconf 95' lang='lat' dir='ltr'> </span> 
     </span>
    </p>
   </div>
  </div>
 </body>
</html>
