<?xml version="1.0" encoding="UTF-8"?>
<!DOCTYPE html PUBLIC "-//W3C//DTD XHTML 1.0 Transitional//EN"
    "http://www.w3.org/TR/xhtml1/DTD/xhtml1-transitional.dtd">
<html xmlns="http://www.w3.org/1999/xhtml" xml:lang="en" lang="en">
 <head>
  <title>
</title>
<meta http-equiv="Content-Type" content="text/html;charset=utf-8" />
  <meta name='ocr-system' content='tesseract 3.04.00' />
  <meta name='ocr-capabilities' content='ocr_page ocr_carea ocr_par ocr_line ocrx_word'/>
</head>
<body>
  <div class='ocr_page' id='page_1' title='image "./csolliusapollin00apolgoog_0101.png"; bbox 0 0 2392 3854; ppageno 0'>
   <div class='ocr_carea' id='block_1_1' title="bbox 144 133 813 200">
    <p class='ocr_par' dir='ltr' id='par_1_1' title="bbox 144 133 813 200">
     <span class='ocr_line' id='line_1_1' title="bbox 144 133 813 200; baseline 0.003 -14"><span class='ocrx_word' id='word_1_1' title='bbox 144 136 187 200; x_wconf 81' lang='lat'>48</span> <span class='ocrx_word' id='word_1_2' title='bbox 486 133 595 188; x_wconf 80' lang='lat' dir='ltr'>LIBER</span> <span class='ocrx_word' id='word_1_3' title='bbox 613 133 813 188; x_wconf 83' lang='lat' dir='ltr'>SECUNDUS.</span> 
     </span>
    </p>
   </div>
   <div class='ocr_carea' id='block_1_2' title="bbox 106 282 1167 2414">
    <p class='ocr_par' dir='ltr' id='par_1_2' title="bbox 106 282 1167 2414">
     <span class='ocr_line' id='line_1_2' title="bbox 144 282 1165 364; baseline -0.001 -18"><span class='ocrx_word' id='word_1_4' title='bbox 144 287 257 346; x_wconf 91' lang='lat' dir='ltr'>tionem</span> <span class='ocrx_word' id='word_1_5' title='bbox 281 302 380 345; x_wconf 89' lang='lat' dir='ltr'>comes</span> <span class='ocrx_word' id='word_1_6' title='bbox 399 285 501 360; x_wconf 84' lang='lat' dir='ltr'>venire</span> <span class='ocrx_word' id='word_1_7' title='bbox 521 282 689 364; x_wconf 80' lang='lat' dir='ltr'>dissimul03</span> <span class='ocrx_word' id='word_1_8' title='bbox 712 301 840 363; x_wconf 92' lang='lat' dir='ltr'>namque</span> <span class='ocrx_word' id='word_1_9' title='bbox 859 301 907 342; x_wconf 92' lang='lat' dir='ltr'>me</span> <span class='ocrx_word' id='word_1_10' title='bbox 925 282 1020 343; x_wconf 90' lang='lat' dir='ltr'>multo</span> <span class='ocrx_word' id='word_1_11' title='bbox 1041 282 1165 345; x_wconf 92' lang='lat' dir='ltr'>decum-</span> 
     </span>
     <span class='ocr_line' id='line_1_3' title="bbox 145 371 1167 452; baseline -0.002 -17"><span class='ocrx_word' id='word_1_12' title='bbox 145 373 284 435; x_wconf 79' lang='lat' dir='ltr'>bentibus</span> <span class='ocrx_word' id='word_1_13' title='bbox 308 374 419 434; x_wconf 90' lang='lat' dir='ltr'>nostris</span> <span class='ocrx_word' id='word_1_14' title='bbox 442 371 584 433; x_wconf 86' lang='lat' dir='ltr'>validiora</span> <span class='ocrx_word' id='word_1_15' title='bbox 603 375 747 433; x_wconf 94' lang='lat' dir='ltr'>maeroris</span> <span class='ocrx_word' id='word_1_16' title='bbox 767 374 842 433; x_wconf 92' lang='lat' dir='ltr'>retia</span> <span class='ocrx_word' id='word_1_17' title='bbox 859 379 972 452; x_wconf 92' lang='lat' dir='ltr'>tenent,</span> <span class='ocrx_word' id='word_1_18' title='bbox 996 390 1072 451; x_wconf 89' lang='lat' dir='ltr'>quae</span> <span class='ocrx_word' id='word_1_19' title='bbox 1093 378 1167 433; x_wconf 90' lang='lat' dir='ltr'>sunt</span> 
     </span>
     <span class='ocr_line' id='line_1_4' title="bbox 146 460 1165 542; baseline -0.002 -18"><span class='ocrx_word' id='word_1_20' title='bbox 146 466 249 524; x_wconf 92' lang='lat' dir='ltr'>amicis</span> <span class='ocrx_word' id='word_1_21' title='bbox 274 480 407 542; x_wconf 91' lang='lat' dir='ltr'>quaeque</span> <span class='ocrx_word' id='word_1_22' title='bbox 431 469 461 522; x_wconf 96' lang='lat' dir='ltr'>et</span> <span class='ocrx_word' id='word_1_23' title='bbox 484 463 616 522; x_wconf 86' lang='lat' dir='ltr'>externis</span> <span class='ocrx_word' id='word_1_24' title='bbox 638 461 856 522; x_wconf 83' lang='lat' dir='ltr'>indolescenda.</span> <span class='ocrx_word' id='word_1_25' title='bbox 893 460 972 521; x_wconf 90' lang='lat' dir='ltr'>unde</span> <span class='ocrx_word' id='word_1_26' title='bbox 991 468 1022 521; x_wconf 92' lang='lat' dir='ltr'>te</span> <span class='ocrx_word' id='word_1_27' title='bbox 1043 479 1165 540; x_wconf 89' lang='lat' dir='ltr'>quoquc</span> 
     </span>
     <span class='ocr_line' id='line_1_5' title="bbox 145 550 1165 635; baseline -0.005 -21"><span class='ocrx_word' id='word_1_28' title='bbox 145 561 226 635; x_wconf 92' lang='lat' dir='ltr'>puto,</span> <span class='ocrx_word' id='word_1_29' title='bbox 246 555 272 613; x_wconf 94' lang='lat' dir='ltr'>si</span> <span class='ocrx_word' id='word_1_30' title='bbox 290 554 348 612; x_wconf 89' lang='lat' dir='ltr'>rite</span> <span class='ocrx_word' id='word_1_31' title='bbox 368 569 507 630; x_wconf 83' lang='lat' dir='ltr'>germano</span> <span class='ocrx_word' id='word_1_32' title='bbox 526 552 655 610; x_wconf 87' lang='lat' dir='ltr'>moveris</span> <span class='ocrx_word' id='word_1_33' title='bbox 675 550 792 631; x_wconf 83' lang='lat' dir='ltr'>affectu,</span> <span class='ocrx_word' id='word_1_34' title='bbox 811 568 868 629; x_wconf 94' lang='lat' dir='ltr'>quo</span> <span class='ocrx_word' id='word_1_35' title='bbox 888 551 1033 629; x_wconf 92' lang='lat' dir='ltr'>temporis</span> <span class='ocrx_word' id='word_1_36' title='bbox 1049 558 1165 629; x_wconf 90' lang='lat' dir='ltr'>puncto</span> 
     </span>
     <span class='ocr_line' id='line_1_6' title="bbox 119 639 1163 722; baseline 0.002 -24"><span class='ocrx_word' id='word_1_37' title='bbox 119 645 282 721; x_wconf 83' lang='lat' dir='ltr'>spaginam</span> <span class='ocrx_word' id='word_1_38' title='bbox 313 641 390 701; x_wconf 91' lang='lat' dir='ltr'>hanc</span> <span class='ocrx_word' id='word_1_39' title='bbox 423 642 600 722; x_wconf 81' lang='lat' dir='ltr'>sumpseris,</span> <span class='ocrx_word' id='word_1_40' title='bbox 633 639 669 699; x_wconf 93' lang='lat' dir='ltr'>de</span> <span class='ocrx_word' id='word_1_41' title='bbox 697 640 796 700; x_wconf 90' lang='lat' dir='ltr'>reditu</span> <span class='ocrx_word' id='word_1_42' title='bbox 825 641 925 719; x_wconf 93' lang='lat' dir='ltr'>potius</span> <span class='ocrx_word' id='word_1_43' title='bbox 954 641 1163 717; x_wconf 86' lang='lat' dir='ltr'>cogitaturum.</span> 
     </span>
     <span class='ocr_line' id='line_1_7' title="bbox 147 727 1164 810; baseline -0.004 -18"><span class='ocrx_word' id='word_1_44' title='bbox 147 729 176 791; x_wconf 82' lang='lat'>2.</span> <span class='ocrx_word' id='word_1_45' title='bbox 210 731 381 810; x_wconf 87' lang='lat' dir='ltr'>Severiana,</span> <span class='ocrx_word' id='word_1_46' title='bbox 418 727 586 789; x_wconf 90' lang='lat' dir='ltr'>sollicitudo</span> <span class='ocrx_word' id='word_1_47' title='bbox 618 731 798 810; x_wconf 88' lang='lat' dir='ltr'>communis,</span> <span class='ocrx_word' id='word_1_48' title='bbox 834 730 998 807; x_wconf 92' lang='lat' dir='ltr'>inquietata</span> <span class='ocrx_word' id='word_1_49' title='bbox 1030 730 1164 806; x_wconf 91' lang='lat' dir='ltr'>primum</span> 
     </span>
     <span class='ocr_line' id='line_1_8' title="bbox 146 816 1162 897; baseline 0 -19"><span class='ocrx_word' id='word_1_50' title='bbox 146 819 242 880; x_wconf 92' lang='lat' dir='ltr'>lentae</span> <span class='ocrx_word' id='word_1_51' title='bbox 261 821 353 879; x_wconf 91' lang='lat' dir='ltr'>tussis</span> <span class='ocrx_word' id='word_1_52' title='bbox 373 817 503 896; x_wconf 92' lang='lat' dir='ltr'>impulsu</span> <span class='ocrx_word' id='word_1_53' title='bbox 522 817 655 879; x_wconf 83' lang='lat' dir='ltr'>febribus</span> <span class='ocrx_word' id='word_1_54' title='bbox 675 836 793 897; x_wconf 92' lang='lat' dir='ltr'>quoque</span> <span class='ocrx_word' id='word_1_55' title='bbox 808 820 867 878; x_wconf 93' lang='lat' dir='ltr'>iam</span> <span class='ocrx_word' id='word_1_56' title='bbox 886 817 1035 897; x_wconf 84' lang='lat' dir='ltr'>fatigatur,</span> <span class='ocrx_word' id='word_1_57' title='bbox 1052 816 1162 896; x_wconf 89' lang='lat' dir='ltr'>hisque</span> 
     </span>
     <span class='ocr_line' id='line_1_9' title="bbox 145 905 1162 988; baseline -0.002 -19"><span class='ocrx_word' id='word_1_58' title='bbox 145 927 200 988; x_wconf 89' lang='lat' dir='ltr'>per</span> <span class='ocrx_word' id='word_1_59' title='bbox 222 914 326 969; x_wconf 89' lang='lat' dir='ltr'>noctes</span> <span class='ocrx_word' id='word_1_60' title='bbox 353 906 642 988; x_wconf 80' lang='lat' dir='ltr'>ingravescentibus3</span> <span class='ocrx_word' id='word_1_61' title='bbox 669 905 893 987; x_wconf 90' lang='lat' dir='ltr'>propterquod</span> <span class='ocrx_word' id='word_1_62' title='bbox 918 912 1000 985; x_wconf 89' lang='lat' dir='ltr'>optat</span> <span class='ocrx_word' id='word_1_63' title='bbox 1023 908 1106 966; x_wconf 84' lang='lat' dir='ltr'>exire</span> <span class='ocrx_word' id='word_1_64' title='bbox 1130 908 1162 967; x_wconf 89' lang='lat' dir='ltr'>in</span> 
     </span>
     <span class='ocr_line' id='line_1_10' title="bbox 147 995 1164 1078; baseline 0 -22"><span class='ocrx_word' id='word_1_65' title='bbox 147 996 364 1078; x_wconf 81' lang='lat' dir='ltr'>suburbanum3</span> <span class='ocrx_word' id='word_1_66' title='bbox 387 995 501 1056; x_wconf 81' lang='lat' dir='ltr'>litteras</span> <span class='ocrx_word' id='word_1_67' title='bbox 520 1002 586 1056; x_wconf 90' lang='lat' dir='ltr'>tuas</span> <span class='ocrx_word' id='word_1_68' title='bbox 606 995 735 1075; x_wconf 91' lang='lat' dir='ltr'>denique</span> <span class='ocrx_word' id='word_1_69' title='bbox 755 1014 824 1056; x_wconf 92' lang='lat' dir='ltr'>cum</span> <span class='ocrx_word' id='word_1_70' title='bbox 843 1012 1040 1077; x_wconf 79' lang='lat' dir='ltr'>sumeremus,</span> <span class='ocrx_word' id='word_1_71' title='bbox 1060 995 1164 1073; x_wconf 78' lang='lat' dir='ltr'>egredi</span> 
     </span>
     <span class='ocr_line' id='line_1_11' title="bbox 107 1084 1161 1164; baseline 0 -19"><span class='ocrx_word' id='word_1_72' title='bbox 107 1105 132 1145; x_wconf 92' lang='lat' dir='ltr'>1o</span> <span class='ocrx_word' id='word_1_73' title='bbox 147 1085 182 1146; x_wconf 92' lang='lat' dir='ltr'>ad</span> <span class='ocrx_word' id='word_1_74' title='bbox 210 1085 341 1147; x_wconf 87' lang='lat' dir='ltr'>villulam</span> <span class='ocrx_word' id='word_1_75' title='bbox 369 1087 428 1145; x_wconf 93' lang='lat' dir='ltr'>iam</span> <span class='ocrx_word' id='word_1_76' title='bbox 455 1084 639 1164; x_wconf 82' lang='lat' dir='ltr'>parabamus.</span> <span class='ocrx_word' id='word_1_77' title='bbox 686 1087 825 1164; x_wconf 81' lang='lat' dir='ltr'>quocirca</span> <span class='ocrx_word' id='word_1_78' title='bbox 848 1090 881 1144; x_wconf 90' lang='lat' dir='ltr'>tu</span> <span class='ocrx_word' id='word_1_79' title='bbox 904 1102 958 1144; x_wconf 88' lang='lat' dir='ltr'>scu</span> <span class='ocrx_word' id='word_1_80' title='bbox 980 1085 1084 1144; x_wconf 89' lang='lat' dir='ltr'>venias</span> <span class='ocrx_word' id='word_1_81' title='bbox 1108 1103 1161 1145; x_wconf 93' lang='lat' dir='ltr'>seu</span> 
     </span>
     <span class='ocr_line' id='line_1_12' title="bbox 145 1174 1161 1256; baseline -0.002 -21"><span class='ocrx_word' id='word_1_82' title='bbox 145 1177 287 1256; x_wconf 91' lang='lat' dir='ltr'>moreris,</span> <span class='ocrx_word' id='word_1_83' title='bbox 314 1193 419 1255; x_wconf 82' lang='lat' dir='ltr'>preces</span> <span class='ocrx_word' id='word_1_84' title='bbox 442 1182 560 1235; x_wconf 93' lang='lat' dir='ltr'>nostras</span> <span class='ocrx_word' id='word_1_85' title='bbox 584 1174 768 1235; x_wconf 90' lang='lat' dir='ltr'>orationibus</span> <span class='ocrx_word' id='word_1_86' title='bbox 791 1176 872 1254; x_wconf 87' lang='lat' dir='ltr'>iuva,</span> <span class='ocrx_word' id='word_1_87' title='bbox 896 1180 930 1233; x_wconf 90' lang='lat' dir='ltr'>ut</span> <span class='ocrx_word' id='word_1_88' title='bbox 953 1175 1033 1234; x_wconf 91' lang='lat' dir='ltr'>ruris</span> <span class='ocrx_word' id='word_1_89' title='bbox 1059 1191 1161 1234; x_wconf 91' lang='lat' dir='ltr'>auram</span> 
     </span>
     <span class='ocr_line' id='line_1_13' title="bbox 146 1261 1160 1343; baseline -0.003 -19"><span class='ocrx_word' id='word_1_90' title='bbox 146 1264 328 1325; x_wconf 88' lang='lat' dir='ltr'>desideranti</span> <span class='ocrx_word' id='word_1_91' title='bbox 352 1263 512 1325; x_wconf 91' lang='lat' dir='ltr'>salubriter</span> <span class='ocrx_word' id='word_1_92' title='bbox 534 1263 620 1324; x_wconf 90' lang='lat' dir='ltr'>cedat</span> <span class='ocrx_word' id='word_1_93' title='bbox 642 1265 707 1343; x_wconf 93' lang='lat' dir='ltr'>ipsa</span> <span class='ocrx_word' id='word_1_94' title='bbox 729 1264 883 1341; x_wconf 83' lang='lat' dir='ltr'>vegetatio.</span> <span class='ocrx_word' id='word_1_95' title='bbox 930 1268 1011 1322; x_wconf 92' lang='lat' dir='ltr'>certe</span> <span class='ocrx_word' id='word_1_96' title='bbox 1035 1280 1091 1340; x_wconf 85' lang='lat' dir='ltr'>ego</span> <span class='ocrx_word' id='word_1_97' title='bbox 1115 1261 1160 1323; x_wconf 88' lang='lat' dir='ltr'>rel</span> 
     </span>
     <span class='ocr_line' id='line_1_14' title="bbox 145 1350 1159 1432; baseline -0.002 -18"><span class='ocrx_word' id='word_1_98' title='bbox 145 1361 196 1414; x_wconf 91' lang='lat' dir='ltr'>tua</span> <span class='ocrx_word' id='word_1_99' title='bbox 220 1372 305 1414; x_wconf 95' lang='lat' dir='ltr'>soror</span> <span class='ocrx_word' id='word_1_100' title='bbox 327 1356 407 1414; x_wconf 91' lang='lat' dir='ltr'>inter</span> <span class='ocrx_word' id='word_1_101' title='bbox 431 1371 514 1432; x_wconf 91' lang='lat' dir='ltr'>spem</span> <span class='ocrx_word' id='word_1_102' title='bbox 537 1360 709 1431; x_wconf 89' lang='lat' dir='ltr'>metumque</span> <span class='ocrx_word' id='word_1_103' title='bbox 734 1353 873 1431; x_wconf 89' lang='lat' dir='ltr'>suspensi</span> <span class='ocrx_word' id='word_1_104' title='bbox 892 1350 1076 1411; x_wconf 88' lang='lat' dir='ltr'>credidimus</span> <span class='ocrx_word' id='word_1_105' title='bbox 1095 1353 1159 1412; x_wconf 89' lang='lat' dir='ltr'>eius</span> 
     </span>
     <span class='ocr_line' id='line_1_15' title="bbox 145 1438 1159 1524; baseline -0.001 -22"><span class='ocrx_word' id='word_1_106' title='bbox 145 1443 277 1504; x_wconf 90' lang='lat' dir='ltr'>taedium</span> <span class='ocrx_word' id='word_1_107' title='bbox 314 1442 494 1524; x_wconf 84' lang='lat' dir='ltr'>augendum,</span> <span class='ocrx_word' id='word_1_108' title='bbox 531 1444 557 1502; x_wconf 91' lang='lat' dir='ltr'>si</span> <span class='ocrx_word' id='word_1_109' title='bbox 593 1441 736 1502; x_wconf 89' lang='lat' dir='ltr'>voluntati</span> <span class='ocrx_word' id='word_1_110' title='bbox 772 1441 898 1501; x_wconf 91' lang='lat' dir='ltr'>iacentis</span> <span class='ocrx_word' id='word_1_111' title='bbox 930 1438 1159 1501; x_wconf 91' lang='lat' dir='ltr'>obstitissemus.</span> 
     </span>
     <span class='ocr_line' id='line_1_16' title="bbox 106 1529 1160 1611; baseline -0.003 -20"><span class='ocrx_word' id='word_1_112' title='bbox 106 1551 131 1591; x_wconf 86' lang='lat'>15</span> <span class='ocrx_word' id='word_1_113' title='bbox 148 1530 175 1594; x_wconf 87' lang='lat'>3.</span> <span class='ocrx_word' id='word_1_114' title='bbox 200 1534 293 1611; x_wconf 84' lang='lat' dir='ltr'>igitur</span> <span class='ocrx_word' id='word_1_115' title='bbox 317 1532 416 1592; x_wconf 90' lang='lat' dir='ltr'>ardori</span> <span class='ocrx_word' id='word_1_116' title='bbox 439 1533 566 1592; x_wconf 87' lang='lat' dir='ltr'>civitatis</span> <span class='ocrx_word' id='word_1_117' title='bbox 590 1538 677 1610; x_wconf 93' lang='lat' dir='ltr'>atque</span> <span class='ocrx_word' id='word_1_118' title='bbox 700 1531 815 1609; x_wconf 90' lang='lat' dir='ltr'>torpori</span> <span class='ocrx_word' id='word_1_119' title='bbox 838 1536 899 1589; x_wconf 93' lang='lat' dir='ltr'>tam</span> <span class='ocrx_word' id='word_1_120' title='bbox 916 1547 972 1588; x_wconf 90' lang='lat' dir='ltr'>nos</span> <span class='ocrx_word' id='word_1_121' title='bbox 997 1546 1088 1607; x_wconf 91' lang='lat' dir='ltr'>quam</span> <span class='ocrx_word' id='word_1_122' title='bbox 1110 1529 1160 1590; x_wconf 95' lang='lat' dir='ltr'>do-</span> 
     </span>
     <span class='ocr_line' id='line_1_17' title="bbox 145 1617 1160 1700; baseline 0 -20"><span class='ocrx_word' id='word_1_123' title='bbox 145 1638 228 1681; x_wconf 93' lang='lat' dir='ltr'>mum</span> <span class='ocrx_word' id='word_1_124' title='bbox 258 1628 351 1681; x_wconf 91' lang='lat' dir='ltr'>totam</span> <span class='ocrx_word' id='word_1_125' title='bbox 378 1623 498 1700; x_wconf 88' lang='lat' dir='ltr'>praevio</span> <span class='ocrx_word' id='word_1_126' title='bbox 528 1619 645 1681; x_wconf 89' lang='lat' dir='ltr'>Christo</span> <span class='ocrx_word' id='word_1_127' title='bbox 677 1621 790 1699; x_wconf 88' lang='lat' dir='ltr'>pariter</span> <span class='ocrx_word' id='word_1_128' title='bbox 822 1620 980 1678; x_wconf 81' lang='lat' dir='ltr'>eximimus</span> <span class='ocrx_word' id='word_1_129' title='bbox 1012 1617 1160 1698; x_wconf 92' lang='lat' dir='ltr'>simulque</span> 
     </span>
     <span class='ocr_line' id='line_1_18' title="bbox 147 1706 1161 1788; baseline 0 -20"><span class='ocrx_word' id='word_1_130' title='bbox 147 1709 331 1770; x_wconf 91' lang='lat' dir='ltr'>medicorum</span> <span class='ocrx_word' id='word_1_131' title='bbox 363 1707 488 1769; x_wconf 92' lang='lat' dir='ltr'>consilia</span> <span class='ocrx_word' id='word_1_132' title='bbox 519 1711 646 1770; x_wconf 86' lang='lat' dir='ltr'>vitamus</span> <span class='ocrx_word' id='word_1_133' title='bbox 679 1707 862 1769; x_wconf 91' lang='lat' dir='ltr'>assidentum</span> <span class='ocrx_word' id='word_1_134' title='bbox 894 1706 1161 1788; x_wconf 83' lang='lat' dir='ltr'>dissidentumque,</span> 
     </span>
     <span class='ocr_line' id='line_1_19' title="bbox 147 1794 1160 1877; baseline -0.002 -19"><span class='ocrx_word' id='word_1_135' title='bbox 147 1800 200 1876; x_wconf 91' lang='lat' dir='ltr'>qui</span> <span class='ocrx_word' id='word_1_136' title='bbox 226 1816 332 1877; x_wconf 91' lang='lat' dir='ltr'>parum</span> <span class='ocrx_word' id='word_1_137' title='bbox 360 1797 440 1857; x_wconf 92' lang='lat' dir='ltr'>docti</span> <span class='ocrx_word' id='word_1_138' title='bbox 464 1805 494 1858; x_wconf 89' lang='lat' dir='ltr'>ct</span> <span class='ocrx_word' id='word_1_139' title='bbox 518 1799 589 1858; x_wconf 91' lang='lat' dir='ltr'>satis</span> <span class='ocrx_word' id='word_1_140' title='bbox 613 1797 710 1859; x_wconf 92' lang='lat' dir='ltr'>seduli</span> <span class='ocrx_word' id='word_1_141' title='bbox 737 1796 893 1876; x_wconf 86' lang='lat' dir='ltr'>languidos</span> <span class='ocrx_word' id='word_1_142' title='bbox 915 1794 1025 1855; x_wconf 91' lang='lat' dir='ltr'>multos</span> <span class='ocrx_word' id='word_1_143' title='bbox 1049 1797 1160 1857; x_wconf 85' lang='lat' dir='ltr'>officio·</span> 
     </span>
     <span class='ocr_line' id='line_1_20' title="bbox 147 1885 1160 1947; baseline 0 -1"><span class='ocrx_word' id='word_1_144' title='bbox 147 1888 263 1946; x_wconf 86' lang='lat' dir='ltr'>sissimo</span> <span class='ocrx_word' id='word_1_145' title='bbox 293 1885 440 1946; x_wconf 92' lang='lat' dir='ltr'>occidunt.</span> <span class='ocrx_word' id='word_1_146' title='bbox 480 1905 550 1946; x_wconf 93' lang='lat' dir='ltr'>sane</span> <span class='ocrx_word' id='word_1_147' title='bbox 578 1886 773 1947; x_wconf 92' lang='lat' dir='ltr'>contubernio</span> <span class='ocrx_word' id='word_1_148' title='bbox 796 1892 900 1946; x_wconf 92' lang='lat' dir='ltr'>nostro</span> <span class='ocrx_word' id='word_1_149' title='bbox 923 1887 989 1945; x_wconf 89' lang='lat' dir='ltr'>iure</span> <span class='ocrx_word' id='word_1_150' title='bbox 1013 1887 1160 1946; x_wconf 90' lang='lat' dir='ltr'>amicitiae</span> 
     </span>
     <span class='ocr_line' id='line_1_21' title="bbox 107 1973 1161 2056; baseline -0.003 -19"><span class='ocrx_word' id='word_1_151' title='bbox 107 1998 133 2037; x_wconf 83' lang='lat'>20</span> <span class='ocrx_word' id='word_1_152' title='bbox 146 1974 245 2036; x_wconf 91' lang='lat' dir='ltr'>Iustus</span> <span class='ocrx_word' id='word_1_153' title='bbox 273 1974 476 2055; x_wconf 81' lang='lat' dir='ltr'>adhibebitur,</span> <span class='ocrx_word' id='word_1_154' title='bbox 509 1993 610 2056; x_wconf 92' lang='lat' dir='ltr'>quem,</span> <span class='ocrx_word' id='word_1_155' title='bbox 643 1978 669 2036; x_wconf 92' lang='lat' dir='ltr'>si</span> <span class='ocrx_word' id='word_1_156' title='bbox 700 1977 793 2035; x_wconf 87' lang='lat' dir='ltr'>iocari</span> <span class='ocrx_word' id='word_1_157' title='bbox 819 1973 927 2035; x_wconf 88' lang='lat' dir='ltr'>liberet</span> <span class='ocrx_word' id='word_1_158' title='bbox 953 1975 985 2033; x_wconf 92' lang='lat' dir='ltr'>in</span> <span class='ocrx_word' id='word_1_159' title='bbox 1013 1973 1161 2055; x_wconf 87' lang='lat' dir='ltr'>tristibus,</span> 
     </span>
     <span class='ocr_line' id='line_1_22' title="bbox 146 2062 1162 2143; baseline 0.001 -20"><span class='ocrx_word' id='word_1_160' title='bbox 146 2063 231 2124; x_wconf 89' lang='lat' dir='ltr'>lacile</span> <span class='ocrx_word' id='word_1_161' title='bbox 256 2065 463 2125; x_wconf 86' lang='lat' dir='ltr'>convincerem</span> <span class='ocrx_word' id='word_1_162' title='bbox 487 2062 645 2124; x_wconf 86' lang='lat' dir='ltr'>Chironica</span> <span class='ocrx_word' id='word_1_163' title='bbox 673 2066 767 2143; x_wconf 84' lang='lat' dir='ltr'>magis</span> <span class='ocrx_word' id='word_1_164' title='bbox 790 2066 960 2124; x_wconf 90' lang='lat' dir='ltr'>institutum</span> <span class='ocrx_word' id='word_1_165' title='bbox 983 2069 1047 2123; x_wconf 92' lang='lat' dir='ltr'>arte</span> <span class='ocrx_word' id='word_1_166' title='bbox 1073 2081 1162 2142; x_wconf 92' lang='lat' dir='ltr'>quam</span> 
     </span>
     <span class='ocr_line' id='line_1_23' title="bbox 145 2151 1163 2232; baseline 0 -19"><span class='ocrx_word' id='word_1_167' title='bbox 145 2153 342 2214; x_wconf 86' lang='lat' dir='ltr'>Machaonica.</span> <span class='ocrx_word' id='word_1_168' title='bbox 380 2171 438 2231; x_wconf 93' lang='lat' dir='ltr'>quo</span> <span class='ocrx_word' id='word_1_169' title='bbox 466 2152 638 2232; x_wconf 84' lang='lat' dir='ltr'>diligentius</span> <span class='ocrx_word' id='word_1_170' title='bbox 660 2152 855 2232; x_wconf 91' lang='lat' dir='ltr'>postulandus</span> <span class='ocrx_word' id='word_1_171' title='bbox 878 2160 924 2212; x_wconf 96' lang='lat' dir='ltr'>est</span> <span class='ocrx_word' id='word_1_172' title='bbox 948 2151 1084 2212; x_wconf 87' lang='lat' dir='ltr'>Christus</span> <span class='ocrx_word' id='word_1_173' title='bbox 1110 2152 1163 2213; x_wconf 94' lang='lat' dir='ltr'>ob·</span> 
     </span>
     <span class='ocr_line' id='line_1_24' title="bbox 147 2241 1166 2324; baseline -0.002 -21"><span class='ocrx_word' id='word_1_174' title='bbox 147 2242 378 2323; x_wconf 91' lang='lat' dir='ltr'>secrandusque,</span> <span class='ocrx_word' id='word_1_175' title='bbox 400 2248 434 2302; x_wconf 93' lang='lat' dir='ltr'>ut</span> <span class='ocrx_word' id='word_1_176' title='bbox 457 2241 627 2324; x_wconf 85' lang='lat' dir='ltr'>valetudini,</span> <span class='ocrx_word' id='word_1_177' title='bbox 651 2244 736 2303; x_wconf 92' lang='lat' dir='ltr'>cuius</span> <span class='ocrx_word' id='word_1_178' title='bbox 760 2244 943 2302; x_wconf 91' lang='lat' dir='ltr'>curationem</span> <span class='ocrx_word' id='word_1_179' title='bbox 967 2259 1039 2301; x_wconf 91' lang='lat' dir='ltr'>cura</span> <span class='ocrx_word' id='word_1_180' title='bbox 1057 2248 1166 2302; x_wconf 89' lang='lat' dir='ltr'>nostra</span> 
     </span>
     <span class='ocr_line' id='line_1_25' title="bbox 146 2329 951 2414; baseline -0.004 -22"><span class='ocrx_word' id='word_1_181' title='bbox 146 2351 205 2392; x_wconf 94' lang='lat' dir='ltr'>non</span> <span class='ocrx_word' id='word_1_182' title='bbox 229 2334 350 2414; x_wconf 90' lang='lat' dir='ltr'>invenit,</span> <span class='ocrx_word' id='word_1_183' title='bbox 373 2333 504 2411; x_wconf 91' lang='lat' dir='ltr'>potentia</span> <span class='ocrx_word' id='word_1_184' title='bbox 529 2350 657 2412; x_wconf 91' lang='lat' dir='ltr'>superna</span> <span class='ocrx_word' id='word_1_185' title='bbox 680 2331 842 2393; x_wconf 86' lang='lat' dir='ltr'>medeatur.</span> <span class='ocrx_word' id='word_1_186' title='bbox 880 2329 951 2389; x_wconf 84' lang='lat' dir='ltr'>vale.</span> 
     </span>
    </p>
   </div>
   <div class='ocr_carea' id='block_1_3' title="bbox 105 2573 971 2754">
    <p class='ocr_par' dir='ltr' id='par_1_3' title="bbox 105 2573 971 2754">
     <span class='ocr_line' id='line_1_26' title="bbox 607 2573 696 2640; baseline 0 0"><span class='ocrx_word' id='word_1_187' title='bbox 607 2573 696 2640; x_wconf 90' lang='lat' dir='ltr'>XHI.</span> 
     </span>
     <span class='ocr_line' id='line_1_27' title="bbox 105 2695 971 2754; baseline -0.001 -4"><span class='ocrx_word' id='word_1_188' title='bbox 105 2709 132 2751; x_wconf 72' lang='lat' dir='ltr'>ss</span> <span class='ocrx_word' id='word_1_189' title='bbox 330 2698 497 2754; x_wconf 87' lang='lat' dir='ltr'>SIDONIUS</span> <span class='ocrx_word' id='word_1_190' title='bbox 517 2697 686 2754; x_wconf 84' lang='lat' dir='ltr'>SEERANO</span> <span class='ocrx_word' id='word_1_191' title='bbox 706 2695 774 2752; x_wconf 87' lang='lat' dir='ltr'>SUO</span> <span class='ocrx_word' id='word_1_192' title='bbox 795 2695 971 2751; x_wconf 86' lang='lat' dir='ltr'>SALUTEM.</span> 
     </span>
    </p>
   </div>
   <div class='ocr_carea' id='block_1_4' title="bbox 146 2808 1184 3158">
    <p class='ocr_par' dir='ltr' id='par_1_4' title="bbox 146 2808 1184 3157">
     <span class='ocr_line' id='line_1_28' title="bbox 216 2808 1181 2892; baseline -0.002 -21"><span class='ocrx_word' id='word_1_193' title='bbox 216 2810 242 2871; x_wconf 86' lang='lat'>1.</span> <span class='ocrx_word' id='word_1_194' title='bbox 266 2811 431 2892; x_wconf 86' lang='lat' dir='ltr'>Epistulam</span> <span class='ocrx_word' id='word_1_195' title='bbox 454 2819 535 2873; x_wconf 90' lang='lat' dir='ltr'>tuam</span> <span class='ocrx_word' id='word_1_196' title='bbox 557 2811 645 2871; x_wconf 92' lang='lat' dir='ltr'>nobis</span> <span class='ocrx_word' id='word_1_197' title='bbox 668 2810 857 2872; x_wconf 89' lang='lat' dir='ltr'>Marcellinus</span> <span class='ocrx_word' id='word_1_198' title='bbox 880 2816 997 2888; x_wconf 84' lang='lat' dir='ltr'>togatus</span> <span class='ocrx_word' id='word_1_199' title='bbox 1016 2808 1181 2883; x_wconf 82' lang='lat' dir='ltr'>exhihuit,</span> 
     </span>
     <span class='ocr_line' id='line_1_29' title="bbox 146 2897 1183 2981; baseline 0 -23"><span class='ocrx_word' id='word_1_200' title='bbox 146 2898 234 2959; x_wconf 90' lang='lat' dir='ltr'>homo</span> <span class='ocrx_word' id='word_1_201' title='bbox 262 2903 377 2980; x_wconf 92' lang='lat' dir='ltr'>peritus</span> <span class='ocrx_word' id='word_1_202' title='bbox 404 2903 509 2981; x_wconf 87' lang='lat' dir='ltr'>virque</span> <span class='ocrx_word' id='word_1_203' title='bbox 538 2903 709 2961; x_wconf 91' lang='lat' dir='ltr'>amicorum.</span> <span class='ocrx_word' id='word_1_204' title='bbox 757 2918 830 2979; x_wconf 93' lang='lat' dir='ltr'>quae</span> <span class='ocrx_word' id='word_1_205' title='bbox 854 2897 1037 2978; x_wconf 91' lang='lat' dir='ltr'>primoribus</span> <span class='ocrx_word' id='word_1_206' title='bbox 1059 2897 1183 2960; x_wconf 81' lang='lat' dir='ltr'>verbis</span> 
     </span>
     <span class='ocr_line' id='line_1_30' title="bbox 147 2986 1184 3070; baseline 0.001 -24"><span class='ocrx_word' id='word_1_207' title='bbox 147 2986 321 3050; x_wconf 92' lang='lat' dir='ltr'>salutatione</span> <span class='ocrx_word' id='word_1_208' title='bbox 350 2988 439 3052; x_wconf 91' lang='lat' dir='ltr'>libata</span> <span class='ocrx_word' id='word_1_209' title='bbox 467 2990 582 3070; x_wconf 92' lang='lat' dir='ltr'>reliquo</span> <span class='ocrx_word' id='word_1_210' title='bbox 610 2992 658 3050; x_wconf 90' lang='lat' dir='ltr'>sui</span> <span class='ocrx_word' id='word_1_211' title='bbox 680 2996 791 3070; x_wconf 88' lang='lat' dir='ltr'>tractu,</span> <span class='ocrx_word' id='word_1_212' title='bbox 820 2987 1015 3068; x_wconf 89' lang='lat' dir='ltr'>quiquidem</span> <span class='ocrx_word' id='word_1_213' title='bbox 1039 2987 1184 3067; x_wconf 76' lang='lat' dir='ltr'>grandis</span> 
     </span>
     <span class='ocr_line' id='line_1_31' title="bbox 147 3076 1184 3158; baseline -0.001 -22"><span class='ocrx_word' id='word_1_214' title='bbox 147 3083 206 3158; x_wconf 92' lang='lat' dir='ltr'>cst,</span> <span class='ocrx_word' id='word_1_215' title='bbox 237 3081 356 3157; x_wconf 92' lang='lat' dir='ltr'>patroni</span> <span class='ocrx_word' id='word_1_216' title='bbox 383 3082 428 3140; x_wconf 92' lang='lat' dir='ltr'>tui</span> <span class='ocrx_word' id='word_1_217' title='bbox 454 3079 587 3141; x_wconf 88' lang='lat' dir='ltr'>Petronii</span> <span class='ocrx_word' id='word_1_218' title='bbox 612 3078 733 3139; x_wconf 81' lang='lat' dir='ltr'>Maximi</span> <span class='ocrx_word' id='word_1_219' title='bbox 761 3079 950 3157; x_wconf 89' lang='lat' dir='ltr'>imperatoris</span> <span class='ocrx_word' id='word_1_220' title='bbox 978 3076 1082 3138; x_wconf 92' lang='lat' dir='ltr'>laudes</span> <span class='ocrx_word' id='word_1_221' title='bbox 1110 3077 1184 3138; x_wconf 84' lang='lat' dir='ltr'>ha·</span> 
     </span>
    </p>
   </div>
   <div class='ocr_carea' id='block_1_5' title="bbox 149 3262 1192 3557">
    <p class='ocr_par' dir='ltr' id='par_1_5' title="bbox 149 3262 1192 3484">
     <span class='ocr_line' id='line_1_32' title="bbox 218 3262 1192 3366; baseline -0.002 -25"><span class='ocrx_word' id='word_1_222' title='bbox 218 3287 463 3366; x_wconf 83' lang='lat' dir='ltr'>3quaequoLV‚</span> <span class='ocrx_word' id='word_1_223' title='bbox 482 3287 773 3356; x_wconf 80' lang='lat' dir='ltr'>quoque(oiuras.,</span> <span class='ocrx_word' id='word_1_224' title='bbox 792 3300 842 3340; x_wconf 84' lang='lat' dir='ltr'>eo.</span> <span class='ocrx_word' id='word_1_225' title='bbox 858 3285 874 3340; x_wconf 90' lang='lat' dir='ltr'>l.</span> <span class='ocrx_word' id='word_1_226' title='bbox 890 3284 954 3339; x_wconf 82' lang='lat' dir='ltr'>add.</span> <span class='ocrx_word' id='word_1_227' title='bbox 969 3262 1192 3354; x_wconf 57' lang='lat' dir='ltr'>MMNTO&#39;</span> 
     </span>
     <span class='ocr_line' id='line_1_33' title="bbox 149 3337 1186 3557; baseline 0 -145"><span class='ocrx_word' id='word_1_228' title='bbox 149 3358 203 3424; x_wconf 78' lang='lat' dir='ltr'>let</span> <span class='ocrx_word' id='word_1_229' title='bbox 222 3354 394 3412; x_wconf 80' lang='lat' dir='ltr'>externisus</span> <span class='ocrx_word' id='word_1_230' title='bbox 361 3374 450 3557; x_wconf 48' lang='lat' dir='ltr'>rapique</span> <span class='ocrx_word' id='word_1_231' title='bbox 468 3359 506 3413; x_wconf 82' lang='lat' dir='ltr'>ad</span> <span class='ocrx_word' id='word_1_232' title='bbox 523 3360 553 3412; x_wconf 84' lang='lat' dir='ltr'>te</span> <span class='ocrx_word' id='word_1_233' title='bbox 572 3373 683 3426; x_wconf 89' lang='lat' dir='ltr'>quoque</span> <span class='ocrx_word' id='word_1_234' title='bbox 701 3360 732 3412; x_wconf 79' lang='lat' dir='ltr'>cic</span> <span class='ocrx_word' id='word_1_235' title='bbox 750 3374 836 3427; x_wconf 78' lang='lat' dir='ltr'>marq</span> <span class='ocrx_word' id='word_1_236' title='bbox 856 3357 919 3411; x_wconf 80' lang='lat' dir='ltr'>add.</span> <span class='ocrx_word' id='word_1_237' title='bbox 939 3355 1048 3424; x_wconf 80' lang='lat' dir='ltr'>N¹let</span> <span class='ocrx_word' id='word_1_238' title='bbox 1019 3372 1115 3412; x_wconf 86' lang='lat' dir='ltr'>eom</span> <span class='ocrx_word' id='word_1_239' title='bbox 1144 3337 1186 3402; x_wconf 77' lang='lat' dir='ltr'><em>T</em></span> 
     </span>
    </p>
   </div>
   <div class='ocr_carea' id='block_1_6' title="bbox 132 3426 1182 3572">
    <p class='ocr_par' dir='ltr' id='par_1_6' title="bbox 132 3426 1182 3570">
     <span class='ocr_line' id='line_1_34' title="bbox 139 3426 1182 3499; baseline -0.004 -17"><span class='ocrx_word' id='word_1_240' title='bbox 139 3427 372 3499; x_wconf 80' lang='lat' dir='ltr'>)10buseuL</span> <span class='ocrx_word' id='word_1_241' title='bbox 414 3431 440 3484; x_wconf 84' lang='lat' dir='ltr'><strong><em>T</em></strong></span> <span class='ocrx_word' id='word_1_242' title='bbox 474 3431 573 3484; x_wconf 79' lang='lat' dir='ltr'>seuiu</span> <span class='ocrx_word' id='word_1_243' title='bbox 596 3430 681 3498; x_wconf 83' lang='lat' dir='ltr'>(.tus</span> <span class='ocrx_word' id='word_1_244' title='bbox 702 3426 1182 3497; x_wconf 68' lang='lat' dir='ltr'>z.add.w)cM0p1smeum</span> 
     </span>
     <span class='ocr_line' id='line_1_35' title="bbox 132 3430 779 3572; baseline 0 -18"><span class='ocrx_word' id='word_1_245' title='bbox 132 3501 199 3565; x_wconf 78' lang='lat' dir='ltr'>(om</span> <span class='ocrx_word' id='word_1_246' title='bbox 222 3504 291 3569; x_wconf 86' lang='lat' dir='ltr'>que)</span> <span class='ocrx_word' id='word_1_247' title='bbox 312 3500 377 3572; x_wconf 74' lang='lat' dir='ltr'>ee</span> <span class='ocrx_word' id='word_1_248' title='bbox 380 3501 520 3559; x_wconf 83' lang='lat' dir='ltr'>tanetum</span> <span class='ocrx_word' id='word_1_249' title='bbox 541 3430 666 3558; x_wconf 73' lang='lat' dir='ltr'>Vatlcou</span> <span class='ocrx_word' id='word_1_250' title='bbox 680 3502 779 3570; x_wconf 76' lang='lat' dir='ltr'><strong><em>3421l</em></strong></span> 
     </span>
    </p>
   </div>
   <div class='ocr_carea' id='block_1_7' title="bbox 0 0 1200 3854">
    <p class='ocr_par' dir='ltr' id='par_1_7' title="bbox 0 0 1200 3854">
     <span class='ocr_line' id='line_1_36' title="bbox 0 0 1200 3854; baseline 0 1"><span class='ocrx_word' id='word_1_251' title='bbox 0 0 1200 3854; x_wconf 95' lang='lat' dir='ltr'> </span> 
     </span>
    </p>
   </div>
  </div>
 </body>
</html>
