2414 3864
96 154 163 219 340
464 153 617 210 chanun
637 152 738 208 XXIII.

255 303 387 364 diversas
410 303 498 363 hrato
521 304 584 363 vias
607 303 754 383 cucurrit3

256 410 317 452 non
340 393 432 474 huno,
455 410 525 453 cum
547 394 742 471 geometricas
766 390 801 450 ad
826 398 912 451 artes

188 488 389 543 uomentem
412 483 595 561 composuit,
619 483 704 560 sequi
726 478 843 539 valebat

256 569 395 631 Euclides
418 572 547 650 spatium
570 571 668 630 sciens
691 568 822 649 Olympi3

256 677 316 720 nou
339 659 432 740 huno,
456 661 482 719 si
504 658 597 720 voluit
619 665 717 719 rotare
740 657 915 739 rhythmos,

257 750 416 827 quiequam
437 749 589 827 proposito
613 749 711 808 virum
733 747 846 807 morari

256 835 440 916 Chrysippus
462 839 609 916 potuisset
631 855 668 896 ex
690 853 804 897 acervo.

190 937 240 988 120
259 925 308 985 hic
331 944 399 986 cum
422 925 616 1005 Amphioniae
640 924 778 985 studebat
801 926 860 984 arti

256 1013 384 1095 plectro,
407 1013 528 1095 pollice,
551 1032 623 1075 voce
646 1012 791 1094 tibiaque,

257 1102 355 1163 Thrax
377 1111 473 1185 vates,
497 1104 570 1164 deus
593 1103 684 1164 Areas
707 1110 795 1182 atque
819 1100 968 1164 Phoebus

258 1194 339 1252 omni
361 1194 493 1253 carmine
516 1199 585 1272 post
607 1199 692 1252 eraut
713 1199 744 1252 et
765 1193 846 1271 ipsas

257 1280 356 1342 Musas
379 1299 439 1342 non
463 1283 505 1342 ita
526 1279 657 1342 musicas
680 1288 810 1359 putares.

190 1382 240 1431 125
259 1370 308 1430 hio
332 1372 358 1430 si
382 1376 509 1449 syrmate
534 1369 631 1431 cultus
655 1376 685 1430 et
708 1370 854 1430 cothurno

258 1461 401 1520 intrasset
423 1459 516 1520 semel
539 1459 670 1520 Atticum
692 1459 855 1538 theatrum,

259 1550 422 1608 cessissent
445 1547 606 1627 Sophocles
630 1555 661 1608 et
682 1547 855 1628 Euripides3

259 1643 309 1697 aut
332 1639 359 1697 si
381 1637 495 1717 pulpita
517 1655 678 1716 personare
702 1653 788 1697 socco

258 1726 418 1786 comoedus
441 1726 596 1807 voluisset,
619 1726 688 1786 huic
710 1724 805 1786 levato

192 1826 242 1876 13ο
261 1814 388 1894 palmam
411 1822 445 1876 tu
468 1815 561 1894 digito
585 1815 685 1895 dares,
707 1813 879 1875 Menander.

258 1902 306 1962 hic
330 1922 397 1965 cum
421 1903 594 1984 senipedem
617 1903 717 1964 stilum
740 1902 853 1982 polibat

259 1991 437 2070 Zmyrnaeae
461 2002 528 2054 cute
552 1993 657 2053 doctus
680 1992 815 2052 officinae

258 2086 400 2141 autenm
425 2100 456 2142 se
479 2082 620 2142 historiae
645 2080 732 2142 dabat
756 2098 896 2162 severae,

258 2171 372 2248 primos
396 2173 444 2231 vix
467 2177 606 2250 poterant
628 2168 709 2230 locos
733 2172 812 2230 tueri

173 2270 241 2323 ,133
260 2265 378 2319 torrens
401 2259 584 2340 herodotus,
606 2265 712 2319 tonans
735 2258 895 2319 Homerus

259 2365 319 2407 non
343 2349 400 2408 isto
423 2350 522 2426 potior
544 2349 665 2428 fuisset,
690 2346 760 2407 olim

260 2439 312 2515 qui
334 2435 526 2498 Pandioniam
550 2436 686 2497 movebat
709 2443 771 2496 arte

260 2534 359 2585 orator
382 2544 501 2587 caveam
523 2524 740 2605 tumultuosus,

260 2631 313 2674 scu
337 2613 452 2675 luscum
476 2621 632 2693 raperetur
655 2617 686 2674 in
709 2613 897 2696 Philippum,

190 2714 240 2762 140
260 2720 380 2763 causam
403 2722 456 2764 seu
479 2703 682 2783 Ctesiphontis
705 2705 855 2782 actitaret,

259 2793 304 2850 vir
328 2810 445 2871 semper
468 2791 664 2871 popularitate
689 2809 828 2851 crescens

262 2886 292 2939 et
315 2882 392 2941 iuste
416 2880 551 2942 residens
575 2882 606 2940 in
631 2898 698 2941 arce
722 2880 815 2960 fandi,

261 2971 313 3047 qui
336 2969 419 3030 fabro
442 2971 576 3049 genitore
599 2975 773 3048 procreatus

261 3059 322 3118 oris
346 3058 449 3119 maluit
472 3058 604 3138 expolire
627 3057 734 3117 limam.

193 3157 243 3206 143
263 3148 334 3225 quid
358 3166 410 3207 vos
433 3147 544 3226 eloquii
567 3165 669 3208 canam
692 3145 802 3227 Latini,

175 3377 223 3425 113
244 3369 380 3426 arithmon
399 3373 582 3427 Wilamowo'tc
595 3375 605 3442 Ιι
620 3376 671 3427 128
690 3370 751 3442 aut]
773 3385 806 3425 ao
821 3369 852 3424 F
865 3372 875 3436 ΙΙ
890 3376 945 3426 132
967 3376 1049 3448 cute]
1065 3394 1068 3402 ⁴

102 3443 130 3511 0,
150 3441 253 3498 incudo
270 3442 312 3510 F;
332 3444 367 3512 cf.
378 3443 454 3499 Pera.
468 3444 530 3514 HL
544 3446 581 3499 30
598 3443 630 3496 in
643 3443 707 3496 oute
720 3442 788 3495 novi
801 3445 811 3511 11
826 3446 878 3496 135
898 3444 1017 3500 torrens
1031 3465 1068 3502 oo

93 3517 206 3574 terrens
224 3517 322 3590 codd.;
341 3517 378 3589 cf.
393 3517 493 3576 Iwoen.
507 3516 556 3572 XI
568 3515 620 3584 (X)
637 3516 688 3570 itt
700 3516 830 3582 sotim
847 3512 992 3573 accitarot
1012 3517 1067 3574 ΟΡ
