2414 3864
143 154 208 219 266
548 153 702 210 CARMEN
719 155 753 211 V.

232 307 374 365 emeritus
397 306 522 385 invenis,
546 303 656 364 sterilis
680 306 792 365 ieiunia
814 311 913 365 terrae

161 407 212 456 300
231 412 350 454 vomere
374 393 545 454 fecundans.
591 395 635 454 sic
659 394 807 472 quondam
831 393 954 455 consule
977 413 1066 455 curvo

231 482 368 543 vertebas
391 501 521 563 campoS,
543 481 665 560 paulum
688 484 714 542 si
736 500 808 562 pace
833 489 989 568 sequestra

233 571 356 633 classica
379 571 518 651 laxasses,
540 570 626 630 fortis
649 573 699 632 cui
720 570 802 632 laeva
824 570 948 650 regebat

234 663 338 721 stivam
360 668 428 739 post
451 659 574 740 aquilas,
596 659 702 720 humili
726 660 797 721 dum
820 662 923 722 iuncta
946 662 1060 722 camino

231 752 353 810 victoris
376 750 491 809 sumum
512 747 629 808 biberet
651 748 777 828 palmata
800 748 931 811 bubulci

162 850 214 900 305
277 837 425 916 Principis
450 840 563 898 interea
586 837 683 916 gladio
707 837 888 899 lacrimabile
912 839 1006 900 latum

235 926 899 1008 ‹hmmmdfflm3wmswommmdh

233 1033 338 1093 magna
360 1014 502 1076 Palatinis
526 1017 720 1093 coniungeret
743 1018 858 1095 agmina
881 1019 1000 1097 turmis,

232 1111 334 1165 evocat
355 1104 435 1165 hunc
458 1103 605 1183 precibus.
652 1104 704 1164 sed
728 1122 788 1165 non
811 1123 844 1166 se
867 1123 964 1185 poena
986 1104 1155 1167 moratur

232 1195 384 1273 sanguinis
408 1193 495 1254 eliusi
518 1186 691 1276 (numerum
714 1193 874 1273 collegerat
895 1213 978 1276 ergo,

161 1295 213 1344 310
233 1302 293 1343 non
317 1284 448 1343 animum
471 1275 603 1366 populi):
627 1283 700 1342 ferri
722 1282 798 1343 mala
822 1285 950 1344 crimina
973 1285 1053 1344 lerro

232 1372 320 1433 solvit
343 1380 372 1432 et
395 1374 426 1431 iu
449 1377 578 1431 vestram
601 1370 669 1450 plus
692 1372 823 1432 concidit
845 1370 895 1432 ille
919 1374 1047 1434 ruinam.

232 1464 290 1521 iam
314 1467 385 1521 tunc
408 1462 568 1539 imperium
591 1462 758 1538 praesentis
781 1463 927 1541 principis
952 1480 1042 1522 aurea

231 1549 386 1610 volvebant
409 1548 486 1609 hona
509 1550 567 1609 lata
591 1548 670 1630 colu3
695 1549 746 1609 sed
769 1549 888 1629 publica
912 1550 1021 1612 damna

232 1639 373 1699 invidiam
396 1639 498 1715 fugere
521 1639 587 1697 viri.
634 1639 813 1717 quicumque
837 1639 960 1700 luerunt

160 1740 212 1788 315
232 1746 341 1788 nomen
364 1730 395 1787 in
418 1727 583 1804 Angustum
606 1725 683 1802 lecti,
709 1733 831 1788 tenuere
854 1727 995 1790 relictum

233 1815 408 1877 Caesaribus
432 1815 553 1876 solium:
576 1822 733 1894 postquam
755 1822 790 1877 tu
808 1823 893 1896 capta
915 1815 1042 1899 laboras,

231 1905 289 1985 hic,
313 1905 390 1984 quod
413 1904 511 1985 hahet,
534 1905 612 1965 lecit.
657 1904 817 1965 Traianum
841 1904 938 1967 Nerva
961 1908 1080 1984 vocavit,

232 2013 299 2054 cum
323 1996 430 2072 pignus
453 1996 511 2053 iam
534 1996 628 2054 victor
652 2001 727 2075 erat3
751 1993 948 2056 Germanicus
971 2001 1049 2056 esset

231 2089 264 2144 ut
285 2081 390 2163 titulis,
412 2085 526 2143 meritis
550 2083 654 2143 luerat.
699 2100 749 2143 res
773 2083 877 2144 ordine
900 2086 1009 2165 currit3

160 2185 212 2235 320
230 2173 307 2233 hanc
330 2171 421 2232 ambit
446 2173 560 2252 lamam,
583 2173 719 2252 quisquis
743 2174 787 2232 sic
810 2173 924 2251 incipit.
972 2172 1041 2233 olim

230 2270 298 2341 post
321 2260 448 2339 Capreas
471 2259 581 2341 Tiberi,
603 2267 670 2339 post
692 2262 792 2340 turpia
814 2263 937 2322 numina
961 2259 1023 2342 Gai,

230 2368 386 2411 censuram
411 2349 522 2430 Claudi,
546 2349 689 2409 citharam
712 2348 915 2429 thalamosque
939 2349 1067 2427 Neronis,

229 2446 297 2518 post
320 2437 433 2517 speculi
456 2439 593 2498 immanis
617 2456 763 2519 pompam,
787 2456 845 2517 quo
869 2456 903 2499 se
926 2438 977 2499 ille
999 2434 1096 2498 videbat

229 2528 299 2588 hino
322 2529 429 2607 turpis,
453 2526 530 2606 quod
554 2525 687 2607 pulcher,
711 2525 796 2608 Otho,
818 2533 888 2607 post
910 2529 1002 2606 quina
1023 2519 1100 2586 Vitelli

159 2614 905 2697 womffiahmmimmdsmmmmbmme

229 2706 276 2766 his
300 2704 394 2765 titulis
417 2707 557 2783 princeps
580 2703 675 2765 lectus
699 2703 848 2783 similique
871 2703 973 2767 labore

229 2795 426 2874 Vespasianus
450 2802 521 2853 erat.
568 2793 620 2853 sed
644 2811 680 2854 ue
704 2794 830 2854 sortasse
853 2793 978 2856 latronis

230 2902 276 2943 me
301 2883 430 2943 clausam
452 2885 561 2943 virtute
584 2888 681 2963 putes,
704 2884 890 2961 consumpsit
911 2885 945 2944 in
967 2882 1016 2943 illo

230 2975 290 3031 vim
314 2974 410 3050 gentis
433 2975 509 3033 vitae
532 2973 650 3052 vitium3
675 2971 841 3051 Scythicam
864 2972 1011 3033 feritatem

159 3072 211 3121 330
230 3079 289 3120 non
313 3063 400 3141 vires,
425 3061 476 3121 sed
500 3067 566 3120 vota
589 3066 700 3141 tenent,
724 3059 886 3140 spoliisque
909 3064 1021 3141 potitus

230 3151 384 3209 immensis
407 3149 500 3210 robur
522 3149 593 3209 luxu
616 3151 674 3209 iam
693 3149 824 3228 perdidit
847 3167 944 3231 omne,

231 3255 289 3316 quo
313 3237 412 3318 valuit,
435 3238 505 3299 dum
527 3256 640 3317 pauper
664 3245 734 3298 erat.
779 3256 842 3298 mea
862 3241 977 3300 viscera
998 3256 1049 3318 pro
1068 3248 1092 3293 se

233 3329 263 3387 in
287 3345 334 3386 me
357 3345 437 3387 nuuc
460 3333 566 3408 armat3
589 3326 704 3387 laceror
727 3333 771 3387 tot
793 3334 878 3406 capta
901 3347 956 3407 per
978 3341 1063 3388 annos

205 3522 259 3574 326
278 3514 375 3574 labori
396 3516 541 3589 CPTFll
