2414 3864
99 179 165 246 300
495 176 647 234 omnen
665 177 713 233 rx.

260 333 398 406 quartum
421 333 489 406 post
510 326 640 387 Ithacam
663 327 762 387 redire
785 325 932 410 lustrum,

260 435 316 476 nec
339 416 483 495 Zmyrnae
507 418 579 476 satis
603 415 730 495 exphcat
753 415 903 477 volumen.

261 524 329 565 nam
353 507 420 584 quis
443 507 617 565 continuare
640 507 736 583 possit
758 504 826 565 illos

193 607 243 656 loo
263 612 338 673 quos
361 601 442 654 terra
465 599 496 654 et
516 593 619 673 pelago
642 593 712 653 tulit
733 593 867 654 labores:

261 690 379 762 raptum
402 681 576 763 Palladium,
600 689 752 761 repertum
776 682 938 764 Achillem,

262 779 380 852 captum
403 771 592 850 praepetibus
616 770 727 831 Dolona
750 771 861 849 plantis

262 867 292 921 et
314 860 406 920 Rhesi
428 863 529 920 niveas
553 861 637 939 prius
661 859 835 941 quadrigas,

261 949 371 1009 Xanthi
394 967 482 1028 quam
504 948 643 1010 biberent
664 948 788 1031 fluenta,
811 956 939 1031 tractae,

193 1049 242 1098 156
262 1044 395 1117 ereptam
418 1056 535 1117 quoqne
559 1055 647 1116 quam
671 1038 745 1098 derrs
767 1045 931 1120 patronus,

262 1126 418 1207 Filocteta,
442 1126 497 1187 tibi
520 1126 602 1187 dedit
624 1126 807 1208 pharetram,

262 1218 382 1277 Aiacem
405 1215 610 1277 Telamonium
633 1217 795 1297 lurentem,

263 1304 341 1383 quod
366 1323 432 1365 sese
452 1311 518 1365 ante
542 1311 621 1364 rates
644 1312 749 1384 agente
773 1324 896 1366 causam

263 1395 406 1473 pugnacis
430 1393 498 1454 tulit
521 1393 664 1473 eloquens
687 1412 841 1476 coronam,

194 1495 244 1545 160
262 1485 385 1543 vitatum
407 1481 478 1542 hinc
500 1482 700 1561 Polyphemon
724 1490 812 1562 atque
837 1483 948 1545 Circen

263 1578 294 1633 et
315 1571 520 1649 Laestrygonii
543 1571 651 1631 lamam
672 1575 806 1653 tyranni,

264 1667 328 1720 tum
349 1662 483 1739 pomaria
506 1659 620 1741 divitis,
643 1660 768 1740 Calypso
792 1669 822 1722 et

264 1749 384 1810 Sirenas
410 1749 604 1827 pereuntibus
627 1749 793 1831 placentes,

262 1839 368 1897 vitatas
391 1837 530 1898 tenebras
553 1838 706 1916 lacemque
729 1837 838 1918 Naupli

195 1938 245 1988 165
265 1932 295 1986 et
319 1925 431 2004 Scyllae
454 1925 590 1986 rabidum
614 1930 727 1988 voracis
751 1929 862 2006 inguen

262 2013 309 2076 vel
332 2015 577 2075 Tauromenitana
602 2035 676 2093 quos
696 2016 860 2096 Charybdis

264 2110 378 2164 ructato
403 2103 540 2183 scopulos
563 2112 645 2165 cavat
663 2102 834 2184 profundo?

308 2192 374 2253 Non
397 2193 480 2253 divos
505 2192 682 2271 specialibus
706 2195 838 2255 lavantes

264 2284 357 2363 agris,
379 2281 506 2342 urbibus
529 2281 695 2362 insulisque
719 2291 819 2364 canto,

196 2385 247 2434 170
266 2371 427 2432 Saturnum
450 2370 532 2430 Latio
556 2370 713 2451 lovemque
737 2372 843 2433 Cretae

264 2460 467 2538 Iunonemque
491 2459 578 2520 Samo
602 2460 764 2540 Rhodoque
789 2460 903 2542 Solem,

263 2548 384 2610 Hennae
407 2547 631 2629 Persephonen,
653 2549 816 2609 Minervam
838 2550 984 2630 Hymetto,

263 2638 426 2699 Vulcanum
448 2637 585 2717 Liparae,
608 2638 706 2717 Papho
729 2637 875 2721 Dionen,

264 2726 350 2805 Argis
373 2726 494 2807 Persea,
522 2725 682 2806 Lampsaco
707 2727 861 2810 Priapum,

195 2828 245 2877 175
264 2814 373 2876 Thebis
396 2814 513 2876 Euhion
536 2815 649 2895 Ilioque
672 2815 803 2897 Vestam,

263 2903 429 2983 Thymbrae
452 2902 570 2985 Delion,
593 2905 736 2965 Arcadem
758 2903 888 2986 Lycaeo,

263 2992 386 3054 Martem
409 2992 574 3054 Thracibus
597 3013 631 3054 ae
654 2992 771 3072 Scythis
795 2993 932 3075 Dianam,

265 3101 339 3160 quos
362 3083 460 3143 fecere
484 3082 555 3142 deos
579 3082 675 3143 dicata
698 3082 821 3164 templa,

266 3177 329 3252 tus,
352 3171 408 3251 sal,
433 3171 490 3252 lar,
513 3170 589 3231 mola
613 3171 659 3231 vel
683 3172 903 3249 superfluarum

187 3271 246 3321 *180
265 3262 448 3320 consecratio
472 3261 726 3320 caerimoniarum.

177 3398 227 3450 162
246 3394 377 3450 distinavit
394 3395 542 3450 Buecheler
560 3394 707 3464 (Calypsus
730 3397 770 3450 ed.
790 3396 905 3452 Mediol.
924 3402 949 3452 et
966 3393 1014 3450 Sin

100 3466 115 3538 ΙΙ
137 3469 189 3523 166
208 3463 340 3539 rapidum
364 3466 455 3521 PTF
479 3468 493 3536 ll
516 3471 568 3521 ll‘l
591 3465 789 3535 Persephonen
812 3469 1000 3537 Luetjohaett;

90 3539 212 3613 phonon
232 3541 267 3616 Τ,
287 3538 458 3615 persilonen
478 3538 515 3609 d,
529 3535 734 3615 persiphonem
748 3538 894 3602 PTtx‘ts
908 3538 1013 3592 hicnon
