2414 3864
474 152 629 210 CARMEN
646 154 745 210 XXIII.
831 227 837 242 ι
1048 155 1113 220 339

208 315 242 365 80
262 305 341 363 inter
364 301 529 365 Publicolas
553 322 641 364 manu
665 303 779 364 feroces

261 399 365 453 trnneo
388 392 503 453 Mucius
527 395 641 452 eminet
660 391 782 473 lacert03

261 480 369 542 vallum
392 481 527 542 Caesaris
550 483 735 560 opprimente
759 481 863 561 Magno

259 572 338 630 inter
361 577 405 630 tot
427 569 518 631 iacies
542 570 577 630 ab
601 571 686 631 hoste
710 578 788 631 tutas

260 658 359 720 luscus
383 659 492 720 Soaeva
515 659 571 719 luit
593 662 688 738 magis
711 659 845 720 decorus.

210 747 328 811 solans
351 754 397 808 est
420 748 510 808 ardna
533 748 607 824 dura
631 751 793 830 sustinere,

259 838 385 918 ignavis,
407 837 521 897 timidis
545 844 575 897 et
597 838 770 917 improbatis

259 925 385 986 multum
407 926 529 1005 fingitur
552 928 646 987 otiosa
668 929 771 987 virtus.

302 1014 379 1086 Quid
403 1015 481 1094 qnod
506 1013 681 1090 Caesaribus
705 1016 787 1075 ferax
810 1015 960 1096 creandis,

258 1103 328 1164 felix
351 1103 434 1183 prole
457 1105 569 1184 virum,
593 1102 682 1164 simul
705 1103 814 1164 dedisti

206 1206 239 1254 00
258 1199 344 1253 natos
367 1212 435 1254 enm
459 1195 592 1272 genitore
616 1189 840 1271 principantes?

258 1300 326 1342 nam
350 1283 417 1361 quis
439 1280 570 1341 Persidis
594 1281 812 1360 expeditionem

259 1378 308 1432 ant
330 1372 464 1431 victricia
487 1377 582 1430 eastra
605 1368 780 1448 praeteribit

257 1458 322 1520 Cari
346 1460 491 1538 principis
515 1465 544 1518 et
566 1458 801 1538 perambulatum

257 1548 397 1609 Romanis
420 1546 589 1626 legionibus
612 1545 774 1629 Niphaten,

205 1649 238 1698 05
258 1644 322 1698 tum
344 1655 413 1698 cnm
435 1635 558 1697 fulmine
582 1644 686 1716 captus
709 1639 870 1715 imperator

258 1729 347 1786 vitam
370 1724 544 1786 hdmiuibns
567 1743 669 1805 parem
692 1721 829 1805 peregit?
942 1752 944 1764 ·

300 1814 354 1874 llis
377 1821 410 1875 tn
433 1813 560 1895 civibus,
583 1814 673 1895 urbe,
697 1832 767 1874 rure
790 1813 905 1894 pollens

258 1903 398 1964 Consenti
420 1903 495 1963 mihi
517 1905 614 1982 gignis
638 1903 714 1964 alme
737 1911 866 1984 patrem,

257 1992 340 2053 illum
364 1994 412 2052 oui
434 1992 523 2053 nitidi
546 1990 623 2053 sales
646 1995 786 2071 rigorque

188 2095 238 2143 100
257 2081 408 2142 Romanus
431 2080 488 2142 init
509 2081 606 2141 Attico
629 2083 660 2141 iu
684 2081 793 2161 lepore.

255 2171 334 2230 hune
356 2168 486 2230 Miletius
510 2177 540 2230 et
562 2169 669 2230 Thales
693 2177 813 2250 stupere

180 2306 182 2312 .
256 2258 391 2320 auditum
413 2260 510 2338 potuit
533 2258 679 2337 simulque
703 2259 791 2319 Lindi
814 2265 861 2319 est

255 2354 344 2409 notus
363 2349 415 2427 qui
439 2346 598 2408 Cleobulus
621 2349 700 2408 inter
722 2365 821 2428 arces,

256 2443 285 2497 et
306 2443 354 2517 tu,
378 2438 443 2517 qni,
466 2435 640 2517 Periandr'e,
664 2436 699 2496 de
724 2436 865 2497 Corintho
889 2453 935 2515 es,

186 2532 286 2586 10001
308 2531 356 2606 tu,
381 2543 470 2603 quem
493 2525 628 2605 dederat,
652 2524 734 2606 Bias,
756 2523 878 2604 Priene,

255 2621 285 2674 et
307 2621 355 2695 tn,
377 2612 503 2695 Pittace,
525 2613 651 2674 Lesbius
675 2614 836 2695 sophistes,

255 2709 285 2764 et
307 2711 353 2784 tu,
377 2705 428 2782 qui
451 2705 566 2764 tetricis
589 2709 695 2782 potens
717 2703 841 2763 Athenis

253 2794 348 2852 vineis
372 2791 553 2867 Socraticas,
578 2791 683 2873 Solon,
706 2791 882 2872 palaestras,

256 2888 286 2941 et
309 2887 355 2962 tn,
378 2880 540 2960 Tyndareis
565 2888 645 2941 satus
667 2881 845 2962 Therapnis,

187 2982 238 3032 110
258 2969 376 3051 Chilon,
399 2969 521 3048 legifero
545 2971 628 3048 prior
650 2969 792 3050 Lycurgo.

254 3077 314 3119 non
337 3060 399 3140 hio,
423 3061 448 3119 si
471 3057 564 3119 voluit
586 3065 707 3119 vacante
731 3077 802 3119 eura

254 3150 321 3226 quis
345 3149 384 3208 sit
407 3146 558 3229 sideribus
581 3154 684 3208 notare
709 3165 828 3227 cursus,

164 3305 199 3355 87
218 3299 340 3369 ringitur
358 3301 446 3356 Vatis.
462 3304 535 3355 3421
552 3302 557 3370 l
574 3299 667 3354 otioso
684 3302 780 3371 oolpo;
800 3299 896 3353 ociosa
910 3299 948 3369 F,
967 3298 1060 3354 osiosa
1074 3299 1107 3368 P,

85 3370 193 3428 odiose
211 3373 236 3427 Τ
242 3371 288 3437 0⁸,
308 3371 399 3427 odiosi
419 3371 482 3440 opp
500 3377 534 3426 00
553 3389 592 3427 on
610 3373 720 3426 taetus?
743 3371 920 3440 Loretjobouot
933 3375 943 3441 l
958 3376 1006 3427 101
1027 3369 1107 3424 Mile-

85 3443 257 3572 2320dess
258 3445 299 3583 11111
315 3448 365 3499 106
386 3441 515 3512 sophista
535 3443 561 3498 Τ
586 3445 595 3514 ΙΙ
621 3461 662 3500 oo.
678 3447 732 3498 107
751 3449 776 3498 et
794 3447 850 3499 108
868 3460 917 3498 om.
935 3442 964 3510 0,
982 3458 1039 3497 nou
1057 3458 1107 3497 orn.

913 3600 972 3655 *dh*
