2414 3864
274 166 444 223 SIDONIUS
462 165 599 222 EUODIO
620 165 688 221 SUO
708 166 885 222 SALUTEM.
1045 167 1085 231 81

93 325 216 399 tempore,
236 336 304 379 cum
317 316 474 396 postulatis
489 316 697 396 obtemperavi.
732 317 822 398 ilicet,
840 324 874 377 ut
888 317 924 377 ad
944 317 1087 396 epistulae

94 415 189 468 restrae
208 415 345 468 tenorem
363 407 424 467 iam
443 413 636 487 revertamur,
659 414 727 485 post
744 405 844 487 verha,
863 424 938 486 quae
958 408 1088 484 primum

94 495 153 556 salue
171 495 315 577 serebant,
337 495 393 556 hoc
411 497 584 576 poposcisti,
602 503 636 555 ut
655 497 836 574 epigramma
853 498 1088 556 transmitterem

95 583 231 646 duodecim
251 583 386 645 versibus
405 586 606 665 terminatum,
626 585 705 663 quod
724 591 827 663 posset
845 587 939 664 aptari
958 584 1086 645 conchae

95 677 187 755 capaci,
220 692 295 754 quae
326 692 381 752 per
414 691 553 734 ansarum
586 672 662 734 latus
694 681 854 753 utrumque
886 676 916 733 in
944 675 1088 735 extimum
1115 696 1128 738 5

97 765 144 839 gpi
164 782 179 823 a
201 770 267 824 rota
290 762 374 823 lundi
394 763 474 823 senis
494 770 614 823 cavatur
633 765 791 823 striaturis.
822 758 851 824 5.
872 780 998 842 quarum
1016 770 1087 843 puto

97 848 206 912 destinas
234 852 280 912 vel
307 851 461 912 ventribus
488 851 594 930 pandis
622 852 755 930 singulos
783 870 887 913 versus
915 851 962 912 vel
989 855 1087 913 curvis

98 939 199 1001 meliore
224 940 357 1021 consilio,
381 943 408 1001 si
431 940 461 1000 id
485 942 579 1019 magis
603 941 715 1021 deceat,
738 940 884 1020 capitibus
908 940 1088 1024 inscribere,

98 1027 191 1109 istoque
206 1029 288 1091 cultu
302 1029 461 1109 expolitam
475 1032 594 1108 reginae
609 1028 807 1109 Ragnahildae
822 1030 956 1109 disponis
971 1030 1088 1113 olierre,

98 1120 153 1178 rotis
178 1122 320 1180 nimirum
348 1121 407 1179 tuis
434 1121 548 1198 pariter
571 1126 659 1198 atque
683 1119 798 1179 actibus
821 1121 1020 1199 patrocinium
1043 1123 1087 1180 in·
1103 1143 1129 1184 ro

98 1206 186 1268 victum
208 1215 446 1288 praeparaturus.
487 1207 614 1268 lamulor
636 1209 777 1268 iniunctis
802 1209 1088 1291 quomodocumque,

98 1308 141 1354 non
166 1305 199 1357 ut
230 1296 378 1378 volebam3
411 1297 463 1358 sed
495 1305 562 1357 tuae
591 1296 695 1376 culpae
727 1299 841 1375 primus
869 1300 1004 1378 ignosce,
1036 1300 1088 1378 qui

99 1388 168 1458 spatii
185 1385 253 1465 plus
271 1388 448 1466 praestitisti
467 1388 634 1465 argentario
654 1403 743 1465 quam
761 1393 874 1467 poetae,
898 1405 965 1447 cum
984 1387 1089 1466 procul

98 1467 167 1534 duhio
189 1493 250 1536 non
272 1482 303 1535 te
325 1474 430 1535 lateret
454 1477 534 1536 intra
557 1476 706 1536 officinam
730 1474 928 1536 litteratorum
946 1478 1088 1536 carminis

99 1559 205 1642 siquid
238 1566 324 1624 incus
356 1566 480 1624 metrica
512 1565 700 1644 produxerit,
733 1583 792 1625 non
823 1567 922 1626 minus
955 1566 1025 1625 lorti
1058 1573 1088 1626 et
1102 1588 1128 1630 15

98 1660 192 1745 ⁸asprata
218 1652 290 1713 lima
317 1652 414 1732 poliri.
456 1653 509 1714 sed
537 1656 594 1714 ista
617 1654 663 1713 vel
687 1653 795 1714 similia
818 1651 982 1733 quorsum?
1018 1673 1088 1716 ecce

98 1749 141 1797 lam
159 1750 256 1803 canta:

139 1880 294 1963 Pistrigero
318 1903 393 1964 quae
417 1884 528 1945 concha
551 1884 632 1944 vehit
654 1885 775 1944 Tritone
800 1883 947 1964 Cytheren

198 1973 253 2034 hac
277 1972 336 2034 sihi
359 1974 473 2034 conlata
497 1973 603 2034 cedere
626 1991 686 2033 non
710 1972 833 2033 dubitet.

138 2065 293 2143 poscimuS,
315 2062 425 2124 inclina
447 2062 598 2142 paulisper
622 2061 739 2123 culmen
762 2062 834 2122 erile

198 2160 228 2212 et
251 2169 360 2212 munus
383 2169 506 2231 parvum
529 2169 634 2229 magna
657 2159 780 2230 patrona
804 2170 875 2230 cape

110 2234 339 2320 thuodiumque
362 2240 459 2301 libens
482 2258 542 2300 non
565 2258 724 2319 aspernare
749 2240 896 2320 clientem,

198 2348 289 2409 quem
312 2330 423 2390 iaciens
447 2329 589 2408 grandem
612 2336 645 2390 tu
664 2347 781 2409 quoque
804 2331 900 2389 maior
923 2331 991 2389 eris.

140 2418 177 2478 sic
197 2418 267 2500 tihi,
291 2420 340 2479 cui
362 2437 414 2479 rex
439 2426 485 2478 est
508 2421 639 2499 genitor,
663 2436 748 2479 socer
771 2425 859 2497 atque
883 2419 1016 2497 marituS,

198 2515 306 2588 gnatus
329 2525 381 2567 rex
406 2525 523 2587 quoque
548 2510 587 2568 sit
611 2526 678 2568 cum
705 2515 789 2587 patre
813 2515 940 2586 postque
963 2513 1086 2585 patrem.

141 2591 234 2658 lelices
257 2596 406 2678 lymphae,
430 2596 546 2656 clausae
571 2615 646 2676 quae
669 2596 735 2656 luce
759 2595 869 2656 metalli

100 2680 123 2731 ¹⁰
201 2705 253 2747 ora
275 2693 376 2746 tamen
399 2685 535 2746 dominae
560 2685 703 2746 lucidiora
726 2683 842 2745 loventl

142 2786 200 2835 nam
223 2793 293 2835 cum
316 2774 455 2854 dignatur
478 2776 581 2853 regina
603 2775 673 2834 hinc
696 2776 832 2852 tinguere
855 2773 962 2854 vultuS,

200 2863 312 2925 candor
335 2866 367 2923 in
390 2871 546 2943 argentum
570 2865 698 2924 mittitur
722 2882 737 2923 e
757 2863 840 2923 l'acie.

100 3007 119 3065 ll
143 3023 247 3085 lantum
275 3041 374 3084 amore
402 3030 505 3085 nostro
534 3025 660 3103 teneris,
692 3031 725 3083 ut
754 3022 885 3083 scrihere
913 3023 966 3083 has
994 3041 1087 3102 nugas

101 3111 327 3193 innotescas,
355 3112 457 3173 occule
482 3121 642 3192 auctorem,
666 3111 701 3172 de
725 3119 775 3172 tua
799 3114 911 3172 rectius
934 3119 1017 3189 parte
1043 3131 1087 3172 se-

156 3319 168 3368 1
185 3336 246 3373 cum
263 3319 335 3387 Leo,
357 3336 412 3388 quo
431 3321 508 3375 codd.
531 3322 540 3389 11
563 3324 580 3372 4
598 3318 690 3387 possit
708 3318 778 3372 ΒΜ
796 3321 805 3381 ΙΙ
828 3323 843 3370 ὅ
864 3316 999 3371 extimum
1018 3317 1045 3369 L
1063 3323 1089 3371 et

104 3372 165 3440 (wll-
183 3391 213 3445 dn
235 3395 391 3446 extromum
410 3391 443 3445 N
444 3391 504 3460 ¹)N
506 3434 512 3459 ‚
537 3392 692 3444 extremum
716 3389 754 3442 M
757 3388 809 3444 GT
838 3391 851 3459 ll
881 3387 1094 3444 dhishr'mhunis

103 3447 161 3509 ‘Md-
172 3460 180 3526 l
192 3468 223 3517 1ss
238 3461 369 3531 aspratili
383 3463 410 3515 T
417 3465 430 3532 ll
444 3467 478 3515 17
491 3479 529 3517 oo
543 3464 647 3518 canto?
666 3463 950 3536 Lodctjohumnlln.h
966 3457 1118 3530 gronhem

105 3510 239 3599 domn,
256 3548 389 3600 magnum
412 3533 493 3604 cdv.
511 3541 543 3590 11
565 3535 635 3594 mne
658 3539 690 3611 r,
710 3538 762 3596 mc
784 3536 914 3608 nmoq

124 3615 277 3667 honarum
290 3628 324 3668 od.
339 3631 367 3669 M
369 3632 428 3673 ohr.
954 3630 975 3678 ἲ)
