2414 3864
294 172 463 230 SIDONIUS
482 173 632 230 ERIPHIO
653 173 721 229 SUO
742 173 919 232 SALUTEM.
1051 175 1115 242 123

60 280 71 413 ζ
129 320 217 383 rideret
237 325 387 384 tramitem
410 341 466 383 nec
489 331 615 405 caneret,
637 324 696 384 huc
718 342 773 403 per
792 325 1009 404 catastropham
1028 343 1116 405 saepe

60 420 64 457 Ι
128 421 242 485 pronatus
270 431 359 492 aegre
387 412 423 472 de
451 414 574 473 ruinoso
602 413 681 473 tlexu
709 431 742 472 se
770 412 969 494 recolligeret,
1001 417 1116 492 primus

60 526 62 531 ·
126 495 174 559 ludi
191 501 222 562 ab
246 509 371 563 accentu
395 519 460 562 sese
483 503 609 562 removit
633 504 815 580 suspiriosus
839 505 916 563 extis
935 501 1116 563 incalescen-

125 586 193 650 tibus.
225 609 353 670 namque
377 597 408 651 et
429 590 575 651 iecusculi
597 591 671 651 libra
690 598 823 651 tumente
842 591 1013 670 pungebant
1031 610 1116 652 exer-

60 710 64 757 5
125 677 223 739 oinium
241 679 341 740 crebri
360 679 486 740 dolores,
524 678 552 741 8.
573 680 674 740 destiti
692 682 828 758 protinus
846 683 963 761 etipse,
983 680 1115 740 facturus
1143 696 1156 738 a

60 764 63 777 ²
124 771 309 830 communione
332 769 469 829 cessandi
491 787 556 829 rem
580 771 720 850 caritatis,
743 787 781 828 ne
805 769 1013 830 verecundiam
1032 768 1117 829 lassi·

60 884 68 945 3·
122 855 177 916 tudo
200 859 330 918 fraterna
356 864 518 937 pateretur.
564 876 634 936 ergo
662 865 696 918 ut
719 858 857 918 sedemus
881 866 911 918 et
939 857 1022 919 illum
1046 876 1115 918 mox

60 976 63 981 ·
121 958 206 1022 nquam
229 946 266 1007 ad
290 948 395 1007 faciem
413 953 516 1027 petere
536 947 627 1007 sudor
646 947 808 1028 admonuit,
831 947 962 1007 exhibita
980 949 1117 1026 poscenti

60 1052 62 1057 ·
121 1041 161 1114 est,
176 1038 287 1114 pariter
305 1042 335 1096 et
353 1034 478 1096 linteum
491 1034 569 1095 uillis
584 1042 733 1116 onustum,
752 1036 831 1114 quod
846 1036 979 1115 pridiana
995 1055 1117 1114 squama

119 1122 224 1196 politum
257 1142 329 1185 casu
361 1124 416 1184 suh
444 1126 518 1203 ipsis
548 1124 698 1185 aediculae
726 1124 816 1184 valvis
849 1124 1050 1203 bipatentibus
1079 1125 1115 1185 de
1130 1143 1156 1183 ro

118 1208 235 1274 ianitoris
259 1219 359 1274 erecto
382 1212 548 1273 trocleatim
571 1214 640 1274 fune
664 1213 794 1274 nutabat.
832 1211 862 1274 9.
887 1231 944 1291 quo
969 1214 1039 1273 dum
1061 1233 1116 1293 per

118 1302 194 1362 otium
221 1321 312 1382 genas
336 1304 438 1363 siccat:
467 1297 614 1383 ‘vellem',
641 1304 751 1382 inquit,
779 1297 831 1362 ‘ad
855 1320 986 1380 pannum
1010 1301 1116 1362 similis

117 1388 191 1452 officii
225 1391 344 1470 aliquod
379 1391 574 1452 tetrastichon
611 1391 685 1451 mihi
718 1390 809 1451 scribi
845 1386 986 1451 iuberes’.
1033 1387 1115 1471 ‘liat'‚

116 1476 228 1559 inquam.
262 1475 328 1540 ‘sed
347 1480 426 1559 quod
444 1475 565 1561 meum',
585 1481 668 1561 dixit,
687 1476 729 1539 ‘et
743 1498 852 1540 nomen
866 1487 962 1539 metro
977 1476 1113 1540 teneret’.

115 1570 241 1649 respondi
267 1568 421 1649 possibilia
449 1569 528 1629 tactu
552 1588 626 1648 quae
650 1571 845 1648 poposcisset.
893 1567 959 1646 [ait]
985 1571 1156 1647 etipse:1s

115 1647 190 1720 ‘dicta
213 1653 306 1737 ergo'.
338 1666 410 1719 tunc
433 1676 487 1736 ego
507 1658 657 1718 arridens:
681 1653 761 1717 ‘ilico
781 1660 857 1718 scias
876 1657 975 1718 blnsas
993 1660 1115 1740 moveri,

114 1745 135 1803 si
155 1748 244 1808 choro
273 1748 406 1826 ipsarum
428 1765 489 1807 non
516 1747 627 1826 absque
652 1746 771 1807 arbitris
794 1743 916 1807 vacem?
961 1747 1116 1826 respondit

113 1831 151 1897 ibe
177 1835 323 1897 violenter
350 1843 381 1896 et
406 1835 587 1917 perurbane,
618 1844 652 1897 ut
682 1842 728 1896 est
755 1842 860 1896 natura
887 1838 932 1895 vir
961 1835 1115 1896 flammeus

112 1927 279 2004 quidamque
298 1925 453 1985 facundiae
472 1925 538 1984 fons
557 1925 765 1985 inexhaustus:
789 1919 876 2004 ‘vide
896 1925 1015 1985 domine
1035 1925 1117 2006 solli,

111 2028 138 2074 ne
160 2017 255 2094 magis
273 2013 377 2093 Apollo
400 2014 477 2074 forte
501 2021 662 2093 moneatur,
686 2013 764 2092 qnod
789 2032 857 2074 suas
882 2013 1015 2074 alumnas
1035 2014 1115 2075 solus
1130 2032 1158 2072 ao

109 2102 135 2162 ad
163 2112 277 2165 secreta
308 2097 471 2163 sollicitas?
517 2105 575 2162 iam
607 2111 692 2181 potes
723 2120 825 2182 nosse,
859 2121 947 2180 quem
979 2102 1116 2182 plausum

108 2194 248 2253 sententia
270 2198 332 2252 tam
354 2193 518 2271 repentina,
540 2198 601 2251 tam
624 2191 721 2270 lepida
746 2193 945 2251 commoverit.
987 2188 1036 2252 10.
1061 2210 1116 2252 nec

104 2281 164 2359 plus
183 2288 316 2342 moratus
335 2298 405 2340 mox
424 2298 477 2340 suo
498 2279 604 2360 scriba,
624 2282 675 2357 qui
693 2279 869 2358 pugillarem
888 2282 969 2339 iuxta
988 2279 1116 2361 tenebat,

104 2371 135 2431 ad
157 2389 206 2432 me
230 2377 332 2430 vocato
357 2367 510 2430 subditum
533 2371 576 2429 sic
600 2370 781 2448 epigramma
805 2371 971 2447 composui:

188 2495 273 2556 Mane
296 2512 372 2554 noro
397 2512 450 2554 seu
474 2511 542 2554 cum
564 2494 709 2554 ferventia
732 2492 836 2552 balnea
859 2499 987 2570 poscunt
1131 2510 1156 2551 aa

255 2601 310 2644 seu
333 2601 400 2643 eum
423 2591 530 2643 venatu
554 2583 636 2642 frons
661 2581 800 2642 calefacta
823 2581 931 2661 madet,

188 2673 245 2733 hoc
268 2672 366 2732 foveat
387 2671 512 2751 pulcher
535 2673 641 2731 taciem
663 2669 829 2730 Filimatius
853 2670 951 2751 udam,

254 2763 364 2840 migret
385 2769 419 2821 ut
441 2763 473 2820 in
496 2759 631 2821 bibulum
655 2759 747 2820 vellus
771 2758 807 2819 ab
831 2777 882 2819 ore
907 2758 1012 2838 liquor.

94 2885 283 2966 Epiphanius
307 2892 410 2947 noster
432 2887 480 2945 vix
505 2886 706 2965 suprascripta
729 2891 926 2964 peraraverat,
950 2890 980 2943 et
998 2885 1115 2944 nuntia-

95 2983 161 3036 tum
186 2981 233 3035 est
259 2974 333 3034 hora
355 2983 494 3034 monente
518 2974 659 3054 progredi
682 2975 855 3052 episcopum
879 2973 915 3032 dc
939 2976 1115 3054 receptorio,
1130 2993 1157 3034 eo

93 3081 212 3143 nosque
242 3065 436 3124 surreximus.
484 3060 534 3124 11.
563 3063 599 3123 da
626 3061 790 3142 postidatae
818 3071 851 3122 tu
879 3063 995 3122 veniam
1023 3064 1116 3122 canti-

171 3251 261 3307 lhuc
279 3251 306 3305 L
325 3258 351 3308 et
370 3255 450 3319 (corr.
470 3254 502 3306 in
521 3251 557 3304 ad
580 3251 634 3305 hoc
653 3250 756 3319 Nun,
785 3250 821 3304 ad
844 3250 898 3305 hoc
924 3250 974 3321 (ad
996 3251 1028 3304 irc
1050 3266 1117 3317 naa,

92 3326 150 3379 hoc
175 3340 195 3379 a.
216 3324 233 3378 1.
253 3324 317 3379 add.
337 3323 531 3393 1³¹)M0n1’,
558 3339 632 3376 nune
655 3322 850 3392 Enpelbreeht,
878 3338 911 3375 ae
930 3322 1116 3390 Duetjoboaa,

92 3395 165 3451 hine
184 3395 368 3450 Witamowa'tz
381 3398 390 3464 1
405 3403 419 3450 7
440 3395 568 3449 sedemus
583 3393 617 3462 L,
638 3392 761 3446 sedimus
776 3393 810 3447 N
813 3394 844 3461 T,
864 3392 1019 3447 resedimus
1034 3393 1072 3446 M
1075 3392 1118 3460 01

93 3468 125 3522 et
143 3467 207 3522 sect.
227 3466 405 3535 barjonam
430 3467 548 3536 modat.
571 3465 741 3537 resedimus)
762 3468 776 3539 1
795 3469 834 3521 il
851 3463 944 3534 dirimi
959 3461 1063 3531 'usqum
1077 3462 1144 3529 ’111

93 3543 129 3592 15
147 3536 192 3590 ait
208 3538 239 3589 in
254 3553 308 3590 raa,
329 3539 370 3590 M
371 3537 385 3605 ¹,
403 3540 518 3596 seclusit
535 3539 726 3612 Doaetjobonn
739 3545 753 3616 11
763 3546 802 3600 ‘ab
821 3556 913 3612 mage
932 3537 990 3606 *11
