2414 3864
167 151 231 216 174
518 151 627 206 LIBER
645 150 818 209 OCTAVUS.

163 301 261 362 machi
284 301 404 363 schedio
428 304 596 383 exscripsit,
619 305 688 382 quia
710 304 852 383 iusseras,
874 302 958 383 misi3
986 320 1088 384 quam,
1109 303 1176 363 dum

163 410 269 471 parcre
293 392 415 472 festino,
446 390 584 452 celeriter
612 393 701 453 eiecit
722 394 755 452 in
776 389 1006 452 tumultuarium
1029 391 1176 472 exemplar

162 479 282 541 turbida
305 487 335 541 et
356 498 499 560 praeceps
522 487 553 540 et
575 478 667 561 Opica
689 479 852 541 translatio.
893 497 992 558 neque
1015 480 1092 542 mihi
1112 497 1169 542 rem

163 569 277 630 credito
301 569 471 631 diuturnius
494 568 674 630 elaboratam
695 571 767 630 vitio
794 575 905 630 vertas:
932 586 1004 629 nam
1032 569 1103 630 dum
1126 587 1169 630 mc

137 661 259 719 stenuit
281 657 430 718 inclusum
452 675 536 718 mora
553 661 705 719 moenium
727 656 926 739 Livianorum,
955 660 1043 718 cuius
1065 660 1165 719 incom-

162 747 244 807 modi
271 747 361 807 finem
390 755 458 827 post
487 765 573 827 opem
601 746 712 808 Christi
742 745 799 808 tibi
831 745 939 827 debeo,
972 764 1033 807 non
1063 745 1163 808 valebat
1196 776 1198 781 ·

162 838 243 897 curis
267 837 382 896 animus
406 854 494 914 aeger
521 835 619 896 saltim
647 835 795 897 saltuatim
821 835 966 896 tradenda
989 851 1159 915 percurrere,

161 942 241 985 nunc
263 943 318 1004 per
340 931 485 986 nocturna
513 927 654 1004 suspiria,
687 943 766 986 nunc
792 942 847 1004 per
874 924 982 985 diurna
1010 925 1105 986 officia
1123 923 1156 982 di·

163 1015 292 1074 strictus.
330 1011 358 1075 2.
378 1013 414 1075 ad
432 1014 489 1074 hoc
505 1020 545 1095 et,
564 1032 631 1074 cum
649 1032 697 1075 mc
716 1014 908 1092 defetigatum
927 1012 965 1074 ab
985 1012 1113 1075 excubiis
1126 1010 1152 1072 ad

122 1121 148 1160 1o
162 1102 367 1163 devorsorium
389 1102 652 1182 crepusculascens
670 1103 744 1163 hora
761 1109 960 1183 revocaverat,
982 1104 1033 1163 rix
1051 1101 1153 1163 dabatu

160 1189 323 1252 luminibus
346 1193 464 1252 inflexis
486 1191 607 1272 parvula
634 1194 733 1272 quies3
760 1209 830 1252 narn
851 1190 951 1270 fragor
975 1190 1059 1273 ilico,
1083 1205 1149 1270 quen

160 1279 318 1341 movebant
340 1283 503 1342 vicinantes
526 1280 668 1361 impluvio
692 1279 822 1342 cubiculi
844 1282 905 1341 mei
923 1280 1000 1341 duae
1019 1280 1148 1360 quaepiam

160 1368 281 1431 Getides
305 1387 388 1452 anus,
416 1369 524 1448 quibus
551 1369 594 1429 nil
616 1387 757 1449 umquam
779 1369 939 1448 litigiosius
966 1367 1096 1430 bibacius
1113 1382 1147 1426 ro

160 1461 273 1520 macius
297 1460 362 1520 erit.
409 1477 493 1539 sane,
520 1477 588 1520 cum
615 1461 746 1539 primum
768 1458 873 1519 reduci
895 1457 1009 1536 aliquid
1032 1460 1084 1519 otii
1101 1455 1147 1532 luit,

21 1551 24 1557 ’
120 1566 146 1606 15
161 1547 318 1627 inpolitum
349 1546 428 1608 hunc
461 1547 721 1626 semicrudumque
753 1553 796 1629 et,
828 1554 862 1607 ut
893 1548 992 1628 aiunt,
1023 1554 1146 1626 tamquo

158 1643 307 1698 musteum
326 1635 436 1697 librum
453 1636 521 1717 plus
539 1636 681 1698 desiderii
698 1638 744 1697 tui
762 1654 851 1715 quam
869 1635 962 1696 oflicii
980 1638 1040 1697 mei
1057 1645 1145 1697 memor

160 1725 260 1785 obtuli.
299 1723 327 1787 3.
347 1728 486 1804 quocirca
506 1744 615 1806 sepone
632 1727 778 1804 tantisper
790 1724 928 1804 Pythicas
946 1723 1047 1786 lauros
1060 1723 1144 1802 Hippo

159 1832 328 1892 crenenque
352 1821 382 1875 et
403 1814 469 1874 illos
494 1816 659 1876 carminum
681 1814 785 1874 modos
803 1812 859 1874 tibi
881 1815 935 1874 uni
954 1819 1069 1875 tantum
1085 1808 1144 1892 pcn'r

157 1903 274 1963 tissime
297 1902 467 1984 familiares,
490 1906 542 1983 qui
564 1911 664 1964 tamen
687 1903 796 1984 doctis,
818 1909 853 1963 ut
876 1920 908 1962 es
931 1903 1012 1984 ipse,
1034 1897 1144 1983 personis

118 2012 144 2052 so
158 2009 218 2051 non
241 1999 301 2053 tam
324 1992 404 2052 fonte
424 2010 511 2070 quam
535 1993 631 2053 fronte
655 1992 807 2053 sudantur.
845 1991 994 2071 suspende
1013 1982 1144 2071 perorandi

157 2079 231 2141 illud
254 2099 371 2160 quoque
391 2080 618 2142 celeberrimum
641 2081 761 2162 flumen,
785 2080 863 2159 quod
881 2098 942 2140 non
961 2080 1058 2141 solum
1075 2073 1144 2159 genli-

156 2170 260 2231 licium
283 2170 336 2230 sed
364 2171 560 2231 domesticum
587 2170 643 2231 tibi
666 2169 803 2249 quodque
826 2171 859 2229 in
880 2162 966 2229 tuum
990 2176 1091 2250 pectus
1108 2176 1145 2244 ptr

158 2260 312 2321 succiduas
336 2266 447 2320 aetates
470 2258 506 2320 ab
526 2267 608 2320 atavo
627 2258 776 2319 Frontone
794 2258 1023 2320 transfunditur.
1059 2264 1145 2336 sepone

156 2348 349 2428 pauxillulum
369 2348 651 2410 conclamatissimas
665 2347 904 2427 declamationes,
927 2365 1003 2427 quas
1019 2349 1080 2408 oris
1092 2337 1146 2419 roffi

117 2457 142 2496 25
156 2440 219 2499 vice
243 2438 379 2517 conficis,
407 2436 515 2517 quibus
538 2439 602 2517 ipse
630 2455 682 2497 rex
705 2436 826 2498 inclitus
853 2435 941 2496 modo
970 2436 1060 2497 corda
1082 2428 1146 2496 orri-

155 2526 225 2587 ficat
255 2528 388 2606 gentium
419 2529 698 2605 transmarinarum,
730 2525 818 2586 modo
848 2525 885 2586 de
916 2528 1071 2604 superiore
1098 2531 1146 2583 cum

154 2614 289 2675 barbaris
317 2615 353 2677 ad
375 2615 515 2676 Vachalin
547 2614 744 2676 trementibus
776 2613 880 2675 foedus
911 2615 1009 2674 victor
1040 2608 1146 2682 innodll,

155 2705 242 2764 modo
265 2723 320 2784 per
342 2711 494 2783 promotae
517 2703 642 2764 limitem
666 2706 757 2763 sortis
779 2709 812 2763 ut
834 2701 960 2782 populos
991 2701 1046 2765 sub
1068 2697 1146 2770 armis,

157 2795 199 2852 sic
222 2794 318 2853 frenat
341 2811 421 2854 arma
449 2792 504 2854 sub
532 2792 656 2871 legibus.
702 2787 732 2853 4.
757 2809 866 2853 exuere
888 2798 1052 2871 utcumque
1074 2784 1145 2852 conti·

116 2899 142 2938 co
156 2883 339 2942 nuatissimis
363 2884 443 2942 curis
467 2889 498 2942 et
520 2883 613 2942 otium
636 2889 721 2942 tuum
743 2879 872 2941 molibus
895 2880 1001 2942 aulicis
1024 2878 1145 2941 motibus·

155 2987 213 3046 que
241 2970 347 3031 furare.
393 2971 548 3031 historiam
574 2970 734 3049 flagitatam
762 2977 833 3030 tunc
860 2987 1058 3049 recognosces
1080 2976 1145 3048 opor·

226 3163 241 3210 2
260 3173 358 3226 parere
379 3162 459 3226 (corr.
478 3176 512 3214 ec
529 3175 628 3228 parare
647 3159 742 3227 N¹)N
749 3159 816 3214 VM
819 3158 877 3226 01³,
894 3174 997 3228 parare
1011 3159 1054 3227 L,·
1069 3158 1101 3224 cf.
1115 3163 1143 3218 ff·

153 3229 210 3296 IX,
224 3233 250 3296 9,
265 3235 284 3284 2
303 3245 401 3296 parere
415 3229 578 3299 properanti
591 3234 630 3299 118
650 3229 795 3293 districtus
810 3231 997 3299 Melicum,
1016 3224 1144 3284 dentriclti

153 3301 180 3354 L
198 3307 224 3355 et
243 3304 322 3368 (corr.
342 3302 374 3354 irc
393 3300 544 3355 distractus
562 3307 595 3355 act
607 3318 631 3356 o.
647 3301 747 3369 N‘)N,
766 3300 920 3355 distractus
934 3305 978 3372 (us
993 3303 1025 3356 io
1038 3317 1088 3356 rao.
1098 3290 1126 3351 Μ
1130 3288 1144 3354 ¹)

153 3372 191 3424 M
193 3371 246 3426 GT
257 3376 265 3441 ΙΙ
282 3377 314 3424 16
333 3373 473 3425 musteum
491 3372 660 3497 librumpmcf.
681 3372 758 3427 Plio.
775 3390 816 3442 ep.
837 3373 983 3440 VHL21,
997 3375 1038 3443 611
1052 3377 1081 3425 19
1098 3367 1145 3434 ipll

153 3444 180 3496 L
200 3447 208 3512 ΙΙ
229 3449 262 3497 21
282 3442 386 3495 flumen
407 3443 477 3512 GM,
496 3443 542 3498 vel
560 3443 590 3496 fu
632 3460 667 3497 en
685 3461 704 3498 s.
726 3445 742 3498 l.
763 3445 826 3498 aad.
847 3444 903 3512 M1,
921 3443 1030 3497 fulmen
1047 3431 1127 3498 LNT
1137 3424 1145 3496 ll

145 3519 181 3567 24
200 3512 499 3571 conclamantissimus
517 3518 598 3588 (post.
615 3533 638 3569 n
655 3532 724 3570 erus.
740 3514 796 3582 M1)
805 3514 865 3568 MC
875 3519 933 3584 flul
951 3514 1063 3570 vocalin
1079 3507 1115 3575 (fl
