2414 3864
409 177 562 234 CARMEN
579 180 652 235 Xlll.

500 394 571 459 XII.

330 515 379 570 AD
398 515 430 572 V.
451 515 480 572 C.
500 516 744 575 CATULLINUM.

234 628 310 700 Quid
333 647 389 710 me,
413 632 470 690 etsi
492 630 612 712 valeam,
634 650 739 710 parare
762 649 882 692 carmen

190 716 448 779 Fescenninicolae
471 718 556 780 iubes
580 719 688 781 Diones

189 808 268 867 inter
291 809 453 886 crinigeras
477 810 566 868 situm
590 816 721 869 catervas

191 905 220 955 et
243 894 415 956 Germanica
438 897 527 957 verba
551 901 761 980 sustinentem,

154 982 356 1045 claudentem
379 987 485 1046 tetrico
510 985 635 1046 subinde
658 986 750 1067 vultu,

190 1073 267 1151 quod
291 1073 461 1153 Burgundio
485 1082 583 1135 cantat
606 1075 784 1156 esculentus

188 1161 347 1223 infundens
371 1163 454 1223 acido
478 1181 591 1224 comam
611 1161 739 1243 butyro?

191 1253 235 1311 vis
258 1251 354 1311 dicam
377 1251 441 1333 tibi,
465 1252 534 1330 quid
559 1271 663 1332 poema
687 1250 822 1332 frangat?

190 1358 225 1400 ex
249 1339 305 1400 hoc
328 1339 491 1401 barbaricis
515 1341 617 1402 abacta
637 1341 760 1421 plectris

138 1439 170 1488 10
190 1430 304 1507 spernit
328 1429 499 1508 senipedem
523 1430 623 1490 stilum
647 1430 757 1511 Thalia,

189 1536 224 1578 ex
248 1535 306 1596 quo
331 1518 499 1597 septipedes
523 1519 603 1580 videt
624 1527 773 1598 patronos.

187 1605 289 1667 felices
313 1605 413 1667 oculos
437 1614 505 1668 tuos
528 1615 557 1667 ct
581 1626 667 1668 aures

188 1693 363 1774 felicemque
387 1691 458 1756 libe't
476 1715 581 1757 vocare
604 1715 718 1777 nasum,

188 1786 237 1844 cui
259 1801 318 1843 non
342 1783 408 1844 allia
432 1785 627 1864 sordidaeque
646 1803 752 1864 caepae

137 1883 169 1931 15
188 1879 305 1933 ructant
326 1891 413 1933 mane
436 1891 511 1933 novo
535 1874 637 1934 decem
661 1881 826 1957 apparatus,

188 1979 275 2039 quem
298 1979 358 2021 non
381 1969 414 2022 ut
436 1962 567 2023 vetulum
590 1965 683 2042 patris
706 1971 860 2042 parentem

187 2053 371 2129 nutricisque
394 2053 490 2111 virum
514 2053 562 2112 die
586 2071 640 2113 nec
664 2059 729 2112 orto

187 2144 231 2199 tot
253 2142 386 2218 tantique
408 2147 513 2218 petunt
537 2141 625 2201 simul
648 2140 796 2223 Gigantes,

188 2235 259 2305 quot
281 2230 329 2288 vix
352 2228 467 2289 Alcinoi
490 2229 587 2290 culina
611 2231 710 2290 ferret.

133 2327 168 2376 20
231 2316 289 2377 Sed
312 2319 370 2377 iam
392 2317 475 2378 Musa
499 2325 577 2380 tacet
599 2326 739 2397 tenetque
762 2319 892 2380 habenas

185 2407 288 2484 paucis
310 2406 562 2486 hendecasyllabis
585 2410 688 2487 iocata,

185 2511 223 2554 ne
246 2497 401 2574 quisquam
426 2498 546 2556 satiram
569 2495 615 2556 vel
638 2496 691 2556 hos
715 2504 841 2559 vocaret.

485 2721 573 2787 XIII.

232 2841 282 2897 AD
301 2843 568 2898 IMPERATOREM
587 2843 834 2900 MAIORIANUM.

77 2955 358 3035 Amphitryoniaden
381 2956 518 3036 perhibet
539 2958 706 3018 veneranda
730 2965 870 3039 vetustas

144 3044 214 3105 dum
237 3045 347 3106 relevat
369 3053 473 3125 terras,
497 3049 699 3124 promeruisse
723 3046 815 3127 polos,

77 3133 130 3194 sed
155 3133 225 3194 licet
247 3136 279 3194 in
302 3134 380 3195 nuda
403 3142 505 3195 torvus
529 3136 708 3214 confregerit
731 3134 800 3196 ulna

146 3221 196 3282 ille
220 3222 381 3284 Cleonaeae
405 3230 522 3301 guttura
545 3242 613 3284 rava
637 3225 726 3305 ferae,

78 3318 108 3372 et
131 3329 308 3390 quamquam
331 3312 446 3373 ardenti
469 3312 565 3391 gladio
589 3315 636 3372 vix
660 3316 798 3374 straverit
820 3314 953 3396 hydram,

78 3463 269 3604 {Halym
286 3466 312 3520 Τ
330 3467 340 3534 y
362 3465 426 3519 XlIl
445 3471 461 3519 3
481 3467 531 3521 sed
549 3484 611 3540 epo,·
629 3468 753 3541 etsseodd.
775 3471 931 3539 litones.
948 3467 988 3534 (ἔς
1001 3469 1044 3533 ct.

78 3565 88 3590 ι
105 3576 117 3604 t
