2414 3864
148 160 214 226 134
511 160 622 217 LIBER
639 160 786 217 SEXTUS.

145 317 229 389 gesta
258 316 342 389 sunt,
372 328 428 371 nec
456 308 493 370 ob
520 310 578 372 hoc
604 309 707 370 dubito
734 310 834 371 audita
861 310 990 372 tidenter
1018 329 1169 391 asserere,

146 400 216 478 <pria
238 416 299 458 non
320 417 426 478 parum
448 398 523 459 mibi
540 401 671 460 intumos
690 406 789 480 agunt,
812 398 921 478 quibus
940 406 986 461 est
1004 402 1070 480 ipse
1088 401 1166 461 satis

145 489 287 549 intumus.
332 487 422 548 buius
449 489 540 567 igitur
562 495 695 548 teneram
722 487 864 569 frontem,
892 488 967 548 dura
992 488 1169 551 rudimenta

146 576 335 657 commendo,
359 583 397 657 et,
420 579 489 655 quia
512 594 621 637 nomen
644 576 779 637 eiusdem
796 576 942 638 lectorum
960 595 1059 657 nuper
1075 577 1166 639 abus

119 668 273 746 aaoeepit,
300 667 461 743 agnoscitis
488 666 658 745 profecturo
687 667 744 725 ciri
770 683 818 725 me
848 665 1022 747 epistulam,
1051 666 1169 728 clerieo

145 752 284 814 debuisse
303 754 470 834 formatam3
491 771 580 833 quem
597 753 771 834 propediem
789 773 850 815 non
868 756 979 816 iniuria
998 773 1069 817 reor
1081 773 1173 816 mer·-

145 849 277 903 catorem
299 841 486 922 splendidum
509 844 583 923 fore,
606 845 632 903 si
654 842 724 903 blno
742 842 778 903 ad
797 850 896 904 vestra
914 843 1060 924 obsequia
1077 844 1171 905 lesti-

145 949 220 991 nans
243 930 405 1009 frigoribus
428 932 555 993 fontium
578 933 741 992 civicorum
765 950 853 1011 saepe
877 932 991 994 fontem
1013 929 1172 1013 †mercr·-

144 1019 260 1080 toribus
279 1019 431 1081 anteferat.
455 1038 570 1081 memor
586 1023 684 1082 nostri
701 1038 768 1081 esse
787 1020 920 1104 dignare,
938 1021 1060 1084 domine
1076 1039 1171 1103 papa-

624 1281 681 1348 IX.

103 1425 130 1466 10
260 1402 428 1459 SIDONIUS
445 1402 590 1459 DOMINO
609 1403 728 1459 PAPAE
747 1402 842 1459 LUPO
863 1402 1045 1462 SALUTEM.

212 1515 239 1579 1.
267 1516 318 1577 Vir
340 1520 399 1578 iam
421 1517 565 1578 honestus
588 1515 701 1598 Gallus,
724 1519 794 1596 quia
816 1519 918 1578 iussus
941 1518 978 1578 ad
1001 1521 1156 1598 coniugem

143 1606 244 1669 redire
266 1625 327 1667 non
350 1605 474 1686 distulit,
497 1605 664 1667 litterarum
685 1624 820 1666 mearum
840 1606 1027 1689 obsequium,
1049 1615 1156 1670 vestra-

144 1713 212 1756 rum
234 1702 367 1775 reportat
390 1695 536 1756 ellectum.
583 1697 632 1755 cni
655 1712 723 1756 cum
745 1696 865 1776 pagina,
889 1713 978 1775 quam
1000 1698 1152 1776 miseratis,

144 1791 343 1865 reseraretur,
371 1791 504 1844 actutum
532 1791 727 1863 compunctus
750 1785 896 1863 ingemuit
918 1784 1152 1865 destinatamque

104 1894 131 1936 ιι
143 1889 205 1933 non
223 1872 260 1932 ad
278 1891 326 1933 me
345 1872 502 1952 epistulam
521 1872 574 1933 sed
592 1874 625 1933 in
638 1890 670 1932 se
685 1875 864 1934 sententiam
878 1873 1029 1935 iudicarit
1060 1877 1152 1954 itaque

143 1960 301 2023 confestim
336 1963 393 2023 iter
424 1963 457 2022 in
488 1963 614 2041 patriam
646 1962 806 2041 spopondit
837 1963 992 2024 adornavit
1024 1965 1152 2043 arripuit.

69 2110 74 2119 ,
144 2067 233 2129 quem
264 2068 319 2111 nos
351 2057 474 2130 propter
505 2051 582 2112 banc
614 2051 708 2129 ipsam
741 2051 943 2130 paenitudinis
975 2051 1154 2114 celeritatem

141 2157 203 2202 non
231 2141 412 2218 increpative
440 2140 493 2200 sed
521 2139 716 2200 consolatorie
744 2142 843 2218 potius
872 2139 1053 2218 compellare
1076 2158 1154 2203 eura·

142 2231 252 2309 vimus,
289 2231 358 2308 quia
394 2231 575 2290 vicinaretur
610 2229 797 2288 innocentiae
831 2228 970 2290 festinata
1002 2230 1154 2292 eorrectio.

102 2342 128 2382 ιο
143 2315 171 2378 2.
199 2336 297 2397 neque
326 2321 405 2378 enim
433 2320 590 2396 quisquam
617 2319 707 2378 etiam
734 2315 793 2376 sibi
819 2315 896 2378 bene
924 2320 1066 2381 conscius
1092 2318 1154 2398 plus

142 2407 240 2468 lacere
263 2408 472 2488 praesumpsit,
495 2409 522 2467 si
545 2407 612 2484 quis
634 2412 735 2465 tamen
757 2412 873 2467 vestrae
892 2409 1093 2486 correptionis
1112 2425 1154 2468 or·

140 2495 235 2556 bitam
261 2513 322 2555 non
349 2495 484 2576 reliquit,
516 2497 626 2574 quippe
655 2511 723 2554 cum
751 2512 786 2554 ea
814 2497 890 2576 ipsa,
919 2513 994 2573 quae
1023 2495 1156 2577 legimus,

141 2587 291 2664 parcentis
309 2583 399 2644 rerba
418 2601 561 2644 censurae
580 2600 718 2644 maxuma
732 2583 948 2645 emendationis
966 2585 1155 2646 incitamenta

142 2675 210 2734 sint.
256 2690 325 2734 nam
352 2672 424 2751 quid
453 2679 552 2752 potest
579 2690 646 2732 esse
674 2673 877 2750 castigationis
904 2672 1031 2734 huiusce
1055 2681 1155 2735 tenore

99 2784 129 2825 ιι
142 2764 313 2844 pretiosius,
335 2763 368 2822 in
391 2779 449 2841 qua
471 2762 548 2822 forte
570 2767 691 2840 peccato
715 2763 831 2822 animus
855 2778 943 2840 aeger
960 2764 1097 2842 repperit
1114 2765 1155 2823 in·

142 2852 291 2912 trinsecus
315 2851 490 2930 remedium,
514 2868 581 2911 cum
600 2867 662 2909 non
684 2849 795 2910 valeret
816 2853 1004 2911 extrinsecus
1023 2852 1154 2912 invenire

214 3090 351 3145 iintnmi
370 3094 525 3162 suggerunt
542 3093 694 3147 Memorem
714 3093 718 3161 Ι
739 3093 784 3145 est
803 3091 840 3144 M
845 3090 874 3158 0
893 3092 923 3145 et
940 3091 977 3161 L,
996 3093 1041 3147 est
1060 3093 1090 3147 et
1108 3093 1155 3160 ΤΙΙ

143 3167 159 3216 5
178 3160 240 3217 eive
258 3163 285 3216 L
303 3166 312 3233 l
333 3169 349 3217 8
368 3163 570 3218 mercatoribus
589 3163 646 3219 Lo
661 3168 686 3218 et
705 3166 786 3230 (corr.
805 3163 838 3217 in
855 3133 1039 3219 medioalorie
1027 3163 1154 3247 N¹)N‚

141 3233 306 3290 mercatoris
325 3235 368 3303 Μ,
386 3237 469 3291 sedo.
490 3237 508 3290 l
527 3251 581 3290 ras
601 3240 648 3302 aet,
628 3233 832 3289 tmedialoris
850 3238 883 3299 (a.
902 3234 920 3289 l.
940 3234 1034 3291 adast
1024 3251 1045 3291 ι
1063 3235 1153 3302 eurr,

142 3305 245 3360 caloris
264 3304 307 3359 tui
325 3306 381 3362 Leo
395 3308 404 3376 ΙΙ
420 3311 452 3359 15
467 3312 531 3376 post
548 3304 579 3359 in
600 3322 630 3361 se
653 3307 701 3376 lep
721 3303 893 3386 prolatam
880 3321 912 3358 m
930 3304 983 3373 Fll
997 3310 1030 3359 21
1051 3321 1154 3360 correc-

140 3377 228 3432 tionis
248 3378 294 3448 Tl
308 3381 343 3430 23
360 3393 492 3431 maxuma
510 3393 566 3459 epo,
586 3392 734 3430 maxumae
752 3377 794 3432 ael
811 3374 953 3429 maximae
971 3378 1050 3433 codd
1067 3375 1152 3448 linci-

141 3450 270 3505 tamenta
286 3465 372 3520 aeque
390 3449 428 3503 orl
446 3447 642 3518 castigationis
661 3465 711 3503 om.
733 3446 834 3517 01124
852 3446 910 3500 sint
928 3447 967 3516 L,
990 3449 1153 3519 sunt(eorr.

126 3535 165 3573 ex
181 3519 244 3575 srirt
261 3521 540 3592 N¹)NVMTssib
560 3537 617 3592 quo
639 3519 687 3591 Oli
