2414 3864
292 159 462 218 SIDONffls
480 159 624 217 uoumo
644 123 713 216 suo
733 160 909 219 sunuruu.
1067 164 1111 230 25

92 309 154 372 sibi
176 311 250 371 baec
272 309 361 372 vellet
382 312 414 370 iu
436 310 497 371 illis
520 311 678 391 superbiae
706 313 829 393 nimiae,
856 314 965 374 nimiae
989 315 1021 374 in
1044 316 1110 375 istis

91 400 271 461 humilitatis
294 400 401 481 forma,
427 401 531 461 mirari
555 418 610 461 nec
633 400 711 461 ultro
734 408 834 462 tamen
857 420 962 463 causas
984 405 1111 464 interro-

92 507 179 570 gare,
207 507 275 551 cum
298 488 477 550 subornatus
500 507 578 550 unus
602 507 618 550 e
641 489 728 551 turba
751 490 945 552 factiosorum
972 492 1022 552 dat
1044 510 1111 553 sese

91 579 169 639 mihi
202 578 454 640 consalutandum.
503 586 568 640 tum
600 579 780 658 procedente
814 598 966 641 sermone:
1000 576 1110 642 ‘cernis

91 663 182 728 bosl'
213 669 319 748 iuquit.
365 674 395 728 et
417 685 486 748 ego:
513 662 633 749 ‘video',
656 670 787 751 inquam,
811 664 982 748 ‘gestusque
1007 688 1110 731 eorum
1139 688 1152 729 a

92 759 190 818 miror
212 756 351 836 equidem
373 774 428 817 nec
456 752 607 818 admiror?
655 758 690 818 ad
718 758 790 818 baec
817 764 921 819 noster
949 761 1110 838 interpres:

93 843 141 908 ‘ut
165 845 402 925 satirographum
424 841 476 927 te'‚
503 849 614 927 inquit,
642 842 705 907 ‘aut
727 854 921 911 exsecrantur
945 855 995 909 aut
1017 847 1111 909 refor-

94 930 231 996 midant'
276 930 388 996 ‘undet
415 931 491 996 cur?
523 930 674 1015 quandoi’
701 936 859 1018 respondi3
890 931 970 1015 ‘quis
998 939 1111 998 crimen

93 1021 237 1105 agnovit?
259 1025 326 1104 quis
349 1021 477 1086 detulit?
504 1027 572 1104 quis
594 1020 763 1105 probavit‘l'
786 1043 915 1104 moxque
939 1025 1111 1087 subridens:

94 1109 222 1195 ‘perge'‚
244 1115 374 1195 inquam,
397 1109 513 1195 ‘amice
531 1115 591 1174 nisi
607 1113 767 1174 molestum
786 1120 840 1197 est,
862 1121 891 1175 et
909 1121 1111 1176 tumescentes
1126 1137 1152 1177 ιο

92 1205 216 1264 nomine
240 1220 306 1262 meo
329 1202 485 1264 consulere
509 1203 640 1284 dignare,
662 1211 833 1264 utrumnam
856 1202 906 1264 ille
926 1204 1039 1265 delator
1062 1213 1112 1266 aut

93 1292 196 1372 index,
219 1293 271 1370 qui
293 1293 415 1352 satiram
433 1310 481 1353 me
501 1294 658 1371 scripsisse
678 1293 829 1374 confinxit,
852 1299 882 1353 et
899 1295 1112 1374 perscripsisse

95 1381 287 1461 confinxerit3
309 1379 388 1441 unde
407 1380 483 1441 forte
503 1383 542 1441 sit
560 1383 663 1463 tutius²
682 1383 708 1441 si
726 1380 938 1464 retractabunt,
956 1389 990 1443 ut
1008 1401 1112 1461 super·

95 1469 162 1531 bire
196 1465 362 1530 desistant?
407 1467 437 1532 9.
467 1469 545 1548 quod
577 1469 629 1530 ubi
660 1472 784 1531 nuntius
816 1471 943 1552 rettulit,
974 1473 1111 1550 protinus

95 1561 200 1620 cuncti
223 1576 283 1620 non
305 1558 440 1619 modeste
467 1577 564 1638 neque
593 1559 702 1638 singuli
730 1559 782 1619 sed
806 1578 933 1640 propere
961 1568 991 1621 et
1018 1568 1152 1622 ceter-15

95 1650 189 1709 vatim
222 1646 323 1708 oscula
355 1666 388 1708 ac
420 1647 557 1709 dexteras
593 1647 667 1708 mibi
699 1647 853 1709 dederunt.
910 1649 990 1710 solus
1023 1649 1112 1711 Curio

95 1755 197 1818 meus,
224 1738 256 1797 in
278 1736 499 1817 transfugarum
524 1736 680 1816 perfidiam
703 1738 851 1818 invectus,
879 1756 947 1799 oum
974 1738 1114 1818 advespe-

96 1832 245 1906 rasceret,
281 1843 337 1904 per
368 1825 570 1886 cathedrarios
603 1844 704 1886 servos
736 1825 942 1906 vispillonibus
968 1830 1113 1889 tetriores

96 1915 222 1976 domum
253 1921 356 1994 raptus
389 1933 423 1976 ac
455 1921 623 1995 reportatus
656 1922 710 1976 est.
767 1914 816 1977 10.
849 1916 992 1996 postridie
1025 1919 1113 1978 iussit

94 2005 262 2084 Augustus,
292 2011 327 2063 ut
359 2003 446 2084 epulo
477 2022 530 2065 suo
563 2003 749 2080 circensibus
781 2004 859 2066 ludis
891 2008 1112 2067 interessemus.
1126 2026 1153 2066 so

93 2095 213 2174 primus
237 2091 353 2153 iacebat
375 2111 469 2154 cornu
492 2095 614 2154 sinistro
634 2093 739 2154 consul
757 2094 925 2156 ordinarius
945 2094 1114 2175 Severinus,

94 2185 142 2242 vir
166 2184 246 2243 inter
268 2183 405 2260 ingentes
428 2184 597 2262 principum
619 2189 720 2243 motus
743 2190 831 2262 atque
851 2183 1036 2263 inaequalem
1055 2186 1113 2244 rei-

95 2270 235 2352 publicae
251 2277 360 2332 statum
380 2273 490 2350 gratiae
506 2289 624 2351 semper
639 2271 784 2353 aequalis3
804 2274 886 2333 iuxta
900 2290 968 2333 eum
982 2272 1113 2354 Magnus,

98 2359 172 2420 olim
195 2378 232 2420 ex
254 2359 414 2441 praefecto,
442 2378 538 2440 nuper
561 2380 597 2421 ex
621 2361 756 2442 consule,
783 2380 838 2440 par
860 2360 1023 2421 bonoribus
1046 2380 1113 2440 per-

98 2467 173 2510 sona
196 2451 367 2530 geminatis,
394 2449 587 2511 recumbente
609 2457 732 2529 postse
756 2449 892 2531 Camillo,
919 2449 981 2509 lilio
1005 2450 1154 2531 fratrique

97 2540 152 2618 qui
176 2537 291 2599 duabus
314 2537 509 2617 dignitatibus
532 2546 562 2599 et
585 2541 649 2618 ipse
672 2535 807 2600 decursis
828 2541 940 2618 pariter
959 2547 1115 2600 ornaverat

95 2625 340 2707 proconsulatum
372 2630 479 2709 patris,
510 2631 609 2707 patrui
640 2626 837 2709 consulatum3
868 2628 1015 2689 Paeonius
1044 2628 1114 2689 binc

96 2724 223 2796 propter
250 2724 338 2796 atque
365 2716 435 2776 hinc
462 2717 620 2799 rubenius,
646 2717 735 2777 bomo
763 2715 860 2778 litium
886 2711 1114 2797 temporumque

96 2804 293 2866 varietatibus
331 2807 518 2866 exercitatus.
573 2806 653 2867 bunc
690 2805 870 2884 sequebatur
902 2805 1114 2887 GratianensiS,

98 2897 181 2955 omni
205 2893 241 2954 ab
269 2893 391 2954 infamia
416 2896 462 2954 vir
485 2895 730 2975 sequestrandus,
759 2897 811 2973 qui
834 2895 1008 2956 Severinum
1037 2898 1115 2957 sicut
1128 2917 1155 2957 co

97 2983 212 3044 bonore
244 2981 387 3064 postibat‚
424 2985 465 3044 ita
501 2983 600 3044 lavore
636 2990 849 3063 praecesserat.
902 2983 1027 3045 ultimus
1060 3003 1114 3063 ego

172 3178 186 3226 1
207 3169 312 3225 nimiae
334 3169 439 3226 nimiae
458 3172 532 3241 ΕΝ,
556 3171 660 3226 nimiae
680 3173 739 3239 (alt.
758 3170 863 3226 nimiae
885 3176 948 3234 om.)
973 3173 1035 3228 VM
1039 3173 1091 3228 CT
1106 3172 1116 3244 ll

99 3248 115 3297 3
131 3249 196 3313 poet
215 3260 278 3298 cum
297 3243 346 3313 lep.
366 3242 462 3307 subito¹
479 3246 512 3298 iu
531 3245 557 3298 Τ
572 3248 581 3312 ΙΙ
600 3250 632 3297 11
653 3243 764 3297 delator
782 3242 831 3296 ille
852 3242 875 3298 0
894 3246 903 3312 ΙΙ
927 3248 960 3306 12
980 3243 1116 3297 confinxit

98 3316 129 3368 et
146 3311 345 3383 perscripsisse
359 3330 410 3369 om.
427 3314 456 3383 O,
474 3316 506 3369 iu
518 3333 603 3386 marg.
619 3315 684 3370 odd.
704 3315 746 3380 Vl
763 3313 898 3368 confinxit
916 3330 982 3369 corr.
1003 3331 1036 3368 eo:
1051 3328 1115 3367 con-

98 3384 243 3455 lingitL1
264 3386 274 3453 q
299 3390 331 3438 ta
353 3385 499 3439 confixerit
519 3385 885 3456 (xoiuras.M2)M1116
906 3385 1019 3438 dextras
1039 3384 1119 3439 VOT

99 3458 108 3528 ll
128 3462 163 3511 18
178 3473 232 3526 pro
252 3471 347 3509 servos
362 3464 427 3526 post
444 3473 483 3527 sp.
500 3463 516 3512 5
536 3459 552 3511 t.
572 3475 596 3513 o.
615 3474 680 3512 rvos
700 3456 726 3512 L
742 3459 749 3530 l
768 3472 803 3514 eo:
818 3456 954 3513 tetriores
972 3459 1047 3526 opt
1059 3456 1129 3510 bc.

94 3529 185 3599 prior.
207 3528 220 3580 t
237 3543 284 3581 mn.
303 3528 331 3580 L
341 3530 357 3597 a
367 3534 400 3582 25
419 3527 517 3584 fratris
536 3529 598 3588 filio
620 3529 645 3590 (l
655 3532 666 3605 l
