2414 3864
507 137 617 193 Lmen
634 136 767 193 NONUS.

617 370 659 436 Π.

184 493 353 550 SIDONIUS
372 493 517 549 DOMINO
536 491 654 547 Parme
674 491 889 580 nurfleomo
910 491 1080 548 SALUTEM.

199 606 227 670 1.
250 607 350 668 Albiso
374 609 498 668 antistes
520 605 723 685 Proculusque
747 605 860 687 levites,
883 605 951 667 ideo
975 605 1058 667 nobis
1076 622 1124 664 mo·

130 716 197 758 rum
229 698 369 776 magistri
396 695 621 777 pronuntiandi,
661 697 730 774 quia
768 697 861 756 vestri
892 702 1047 756 merentur
1073 710 1124 754 essa

131 784 280 868 discipuli,
288 784 403 846 litteras
413 783 593 866 detulerunt,
607 802 733 864 quarum
746 802 794 845 me
809 792 1000 845 sacrosancto
1015 783 1125 844 donastis

104 875 233 956 eaffatu3
262 891 337 954 quae
360 882 459 934 tamen
482 873 598 934 litterae
621 873 784 953 plurimum
806 872 895 934 nobis
918 873 1055 953 honoris,
1074 870 1126 950 plus

132 966 232 1024 oneris
250 967 404 1043 inponunt.
442 962 570 1023 undeet
592 965 723 1042 ipsarum
750 964 794 1023 sic
816 961 1027 1023 benedictione
1044 961 1127 1039 laetor,

133 1053 211 1131 qnod
235 1054 419 1113 iniunctione
443 1051 622 1132 confundor,
650 1054 759 1132 quippe
784 1053 896 1131 quiex
921 1070 989 1112 asse
1012 1049 1127 1112 turbatus

131 1140 178 1202 vel
201 1160 238 1202 ex
261 1148 345 1221 parte
368 1159 428 1201 non
451 1159 550 1220 pareo.
596 1139 706 1201 iubetis
731 1142 811 1200 enim
832 1147 894 1200 tam
918 1139 1036 1201 diversa
1057 1154 1127 1218 quam

131 1231 223 1291 nimia
247 1229 448 1310 explicarique
477 1229 638 1290 decernitis
669 1248 760 1310 opus,
788 1228 866 1308 quod
897 1228 934 1290 ab
963 1230 1128 1290 extremitate

93 1338 118 1378 ro
134 1338 199 1380 mea
227 1327 288 1380 tam
315 1319 434 1379 difficile
463 1316 628 1398 completur
656 1336 745 1397 quam
772 1316 970 1398 inprudenter
998 1318 1128 1397 incipitur.

133 1407 161 1469 2.
195 1409 248 1469 sed
276 1410 302 1468 si
330 1406 555 1488 amplitudinem
582 1409 614 1467 in
641 1406 724 1467 vobis
752 1408 872 1487 pietatis
900 1414 1043 1487 expertae
1068 1404 1128 1465 benc

131 1500 256 1578 metior,
288 1496 355 1577 plus
383 1495 553 1577 laborastis,
585 1503 619 1556 ut
650 1496 773 1557 affectus
802 1497 895 1557 vestri
929 1495 1030 1556 cordis
1060 1509 1129 1574 quam

132 1587 228 1647 nostri
252 1587 351 1665 operis
375 1586 498 1645 effectus
521 1583 732 1664 publicaretur.
769 1603 867 1664 neque
887 1586 977 1665 enim,
993 1602 1060 1645 cum
1074 1581 1128 1643 llic·

133 1692 274 1754 ronymus
298 1677 456 1754 interpreS,
480 1672 652 1734 dialecticus
671 1673 862 1754 Augustinus,
885 1672 1062 1752 allegoricus
1079 1670 1128 1731 Ori-

93 1779 119 1820 15
134 1781 225 1842 genes
253 1762 388 1841 gravidas
419 1760 475 1822 tibi
503 1761 680 1841 spiritalium
708 1780 850 1823 sensuum
874 1765 972 1841 spicas
997 1762 1128 1823 doctrinae

135 1851 263 1912 salubris
290 1869 388 1910 messe
420 1853 600 1931 parturiant,
630 1869 710 1911 nunc
740 1850 855 1912 scilicet
886 1850 943 1911 tibi
974 1848 1128 1931 apartibus

133 1942 210 1999 meis
225 1939 306 1999 arida
320 1940 480 1999 ieiunantis
498 1938 615 2018 linguae
635 1938 744 2019 stipula
762 1938 959 2019 crepitabunt.
991 1939 1048 2000 hoc
1064 1951 1128 1998 more

133 2037 167 2089 tu
190 2035 220 2088 et
244 2027 366 2087 olorinis
390 2028 526 2088 cantibus
549 2046 671 2088 anseres
694 2046 779 2088 ravos
803 2035 833 2089 et
856 2027 1037 2088 modificatis
1058 2025 1127 2087 lusci-

134 2119 252 2178 niarum
281 2116 421 2196 querellis
445 2116 640 2196 inproborum
666 2135 822 2202 passerum
850 2116 1070 2195 fringultientes
1092 2130 1126 2172 su-

95 2224 120 2264 no
135 2226 238 2268 surros
257 2208 321 2266 iure
337 2207 504 2266 sociaveris.
538 2203 567 2266 3.
587 2204 658 2284 quid
678 2205 756 2285 quod
777 2208 820 2266 sic
839 2223 958 2285 quoque
977 2208 1127 2284 arroganter

134 2298 220 2357 fieret
249 2294 494 2375 indecenterque,
521 2297 548 2354 si
581 2297 694 2373 negotii
716 2296 867 2374 praecepti
896 2294 1015 2373 pondus
1044 2306 1125 2372 aggre-

135 2387 231 2465 derer,
254 2402 348 2445 novus
367 2383 494 2444 clericus
512 2391 651 2462 peccator
670 2386 818 2463 antiquus,
838 2385 965 2444 scientia
987 2382 1045 2444 levi
1062 2377 1123 2461 graii

135 2476 325 2552 conscientia,
348 2471 486 2532 videlicet
509 2479 551 2553 ut,
575 2474 600 2531 si
619 2475 764 2552 scriptum
783 2490 972 2552 quocumque
991 2473 1126 2541 misissem,

135 2581 266 2643 persona
289 2580 355 2622 mea
378 2579 434 2622 nee
456 2569 528 2621 tunc
552 2559 669 2621 abesset
692 2563 767 2622 risui
790 2560 983 2642 iudicantum,
1006 2578 1071 2621 eum
1089 2554 1125 2614 de·

95 2669 120 2708 as
135 2653 241 2712 inisset
268 2647 405 2711 obtutui?
446 2668 497 2730 ne,
525 2667 648 2730 quaeso,
676 2649 795 2710 domine
817 2669 907 2731 papa,
934 2652 1025 2710 nimis
1047 2647 1124 2721 exigas

134 2739 343 2801 verecundiam
361 2758 458 2799 meam
477 2737 731 2818 qualitercumque
750 2738 914 2799 latitantem
933 2741 1031 2818 coepti
1049 2731 1124 2816 operis

207 2933 223 2980 5
242 2927 331 2982 affatu
357 2927 388 2991 0,
413 2927 516 2982 affectu
538 2927 595 2997 (vel
619 2927 648 2980 fa
667 2944 687 2982 s,
707 2929 724 2983 l.
749 2929 813 2983 odd.
833 2927 929 2996 N¹T²,
954 2928 1000 2981 vel
1022 2913 1124 3003 alili

135 3000 169 3055 N
171 3001 206 3054 M
212 3000 237 3053 T
240 3021 250 3064 ;
268 3000 303 3067 cf.
322 3017 362 3069 ep.
377 2999 434 3067 IX,
448 3005 503 3068 8,1
524 2998 613 3052 affetu
632 2999 755 3052 secundo
773 2998 820 3052 vel
838 2999 933 3066 potius
952 2995 1124 3070 benedictioni

136 3071 256 3124 donatus
270 3073 280 3139 ΙΙ
294 3077 309 3124 9
324 3071 413 3123 nimia
422 3071 457 3140 L,
474 3068 591 3123 minima
601 3071 634 3124 N
635 3071 673 3123 M
676 3069 729 3125 OT
743 3074 747 3137 Ι
763 3068 900 3139 explicari
913 3086 986 3136 quae
996 3070 1023 3124 L
1034 3072 1043 3138 Ι
1056 3069 1083 3120 10
1094 3074 1123 3112 m·

134 3141 287 3212 prudenter
301 3140 328 3194 L
341 3148 367 3196 et
381 3146 434 3212 (nr.
449 3160 463 3194 r
477 3158 544 3196 oras.
556 3143 589 3196 N
590 3143 610 3208 ¹)
617 3142 654 3209 N,
673 3140 852 3210 impudenter
865 3141 904 3194 M
906 3141 980 3210 ΟΤΙΙ
994 3145 1026 3194 13
1043 3123 1123 3251 nequ&

135 3215 206 3267 haec
224 3213 376 3267 Mommsen
403 3217 411 3280 ΙΙ
440 3219 473 3266 16
491 3229 565 3266 nunc
583 3212 623 3281 L,
650 3229 708 3266 non
732 3216 812 3280 (corr.
836 3229 870 3267 ec
893 3229 962 3265 num
981 3201 1099 3279 N¹)NM
1118 3237 1123 3261 υ

135 3302 203 3338 num
224 3283 264 3352 Ol
281 3300 298 3336 a
316 3300 366 3338 om.
382 3285 416 3337 N
417 3284 455 3337 M
460 3283 512 3339 OT
524 3287 533 3353 ΙΙ
551 3289 583 3338 17
604 3300 643 3338 an
661 3282 758 3337 aridae
773 3325 797 3339 ..
813 3282 954 3352 stipulae?
972 3279 1123 3350 Luctjobtmi

138 3358 141 3425 Ι
172 3354 351 3426 crepitabant
374 3355 401 3408 L
427 3362 453 3410 et
481 3359 560 3423 (corr.
579 3356 612 3409 in
634 3353 788 3424 crepitabit
806 3355 908 3423 N¹)N‚
942 3335 1123 3424 crepinoitM

130 3428 190 3568 ,or
201 3426 322 3571 appllere
342 3426 526 3495 armanore,
544 3426 569 3480 sa
587 3427 623 3496 o,
641 3443 690 3481 om.
706 3425 835 3482 mmor
855 3429 864 3496 q
887 3432 920 3480 21
942 3404 1123 3496 aggreaaci

144 3516 201 3555 non
