2414 3864
118 174 183 240 296
515 166 667 226 CARMEN
683 171 731 226 IX.

278 326 309 383 in
333 324 457 383 formam
481 322 577 401 redigi
599 322 684 382 iubes
707 321 812 402 libelli,

279 416 430 491 ingentem
454 411 543 471 simul
565 418 594 471 et
618 418 741 489 repente
765 411 876 471 fascem

279 502 403 562 conflari
425 501 552 560 invidiae
576 506 606 560 et
628 501 728 578 perire
751 497 907 561 chartam?

279 590 424 650 mandatis
448 588 585 669 famulor,
609 588 662 648 sed
685 595 752 649 ante
775 595 883 670 testor,

228 693 260 742 15
279 679 373 740 lector
397 697 469 758 quas
492 679 614 757 patieris
636 676 685 737 hic
708 676 848 739 salebras.

324 767 389 828 Non
412 785 467 828 nos
491 769 639 827 currimus
662 784 801 846 aggerem
823 774 973 828 vetustum

279 875 335 917 nec
359 859 517 935 quicquam
541 857 688 935 invenies,
711 855 763 916 ubi
785 857 920 935 priorum

280 948 416 1024 antiquas
438 951 516 1005 terat
539 944 649 1004 orbitas
673 944 783 1005 Thalia.

278 1052 339 1094 non
361 1034 411 1093 hic
434 1032 588 1112 antipodas
612 1033 765 1112 salumque
789 1032 928 1116 rubrum,

227 1135 260 1185 20
279 1141 340 1183 non
363 1123 412 1182 hic
435 1122 625 1182 Memnonios·
642 1141 781 1183 canemus
804 1121 894 1184 Indos

278 1213 409 1273 Aurorae
433 1211 496 1271 face
520 1212 615 1271 civica
638 1218 790 1292 perustos3

279 1320 339 1361 non
362 1299 514 1378 Artaxata,
538 1299 626 1379 Susa,
649 1298 768 1381 Bactra,
792 1299 934 1384 Carrhas,

278 1409 338 1451 non
362 1396 475 1450 coctam
497 1387 645 1467 Babylona
667 1387 846 1470 personabo,

283 1497 358 1560 quae
382 1478 497 1556 largum
520 1477 609 1537 fluvio
632 1485 737 1557 patens
761 1477 880 1538 alumno

229 1581 263 1630 25
283 1568 431 1628 inclusum
453 1564 529 1626 bibit
551 1566 621 1625 hinc
645 1572 674 1627 et
696 1567 765 1627 inde
789 1567 911 1646 Tigrim.

281 1675 341 1717 non
364 1655 413 1715 hic
436 1654 565 1734 Assyriis
589 1653 698 1715 Ninum
720 1657 867 1738 priorem,

278 1764 338 1806 non
361 1744 455 1805 Medis
478 1750 567 1823 caput
588 1744 722 1806 Arbacen
745 1743 899 1827 profabor,

279 1853 335 1895 nec
359 1852 447 1912 quam
470 1833 573 1913 divite,
597 1851 666 1893 com
687 1834 798 1912 refugit
820 1833 950 1916 hostem,

281 1926 354 1984 arsit
378 1921 603 2001 Sardanapallus
627 1923 658 1981 in
682 1922 786 1983 favilla.

227 2027 260 2075 30
279 2030 340 2073 non
363 2012 472 2090 Cyrum
495 2011 629 2089 Astyagis
649 2010 753 2091 loquar
775 2020 929 2094 nepotem,

278 2103 424 2161 nutritum
447 2099 539 2159 ubere
564 2118 652 2177 quem
676 2101 775 2161 ferunt
798 2103 920 2183 canino,

279 2193 364 2250 cuius
387 2207 448 2249 non
471 2187 562 2249 valuit
583 2191 776 2268 rapacitatem

278 2278 324 2361 rel
347 2279 421 2357 Lydi
444 2280 550 2338 satiare
569 2296 639 2355 gaza
662 2277 778 2360 Croesi,

280 2370 365 2428 cuius
388 2386 443 2428 nec
467 2366 569 2426 feritas
594 2366 715 2428 subacta
739 2374 810 2428 tunc
835 2375 894 2450 est,

226 2469 260 2518 35
280 2459 374 2517 eaesis
397 2454 518 2515 milibus
542 2462 609 2516 ante
633 2475 701 2516 cum
724 2458 861 2518 ducentis

279 2546 417 2606 invallis
441 2544 594 2624 Scythicae
619 2552 738 2605 coactus
761 2553 859 2606 artum

279 2634 398 2695 orbatae
422 2634 457 2694 ad
481 2634 616 2713 Tomyris
641 2637 756 2695 veniret
778 2641 885 2696 utrem.

323 2722 389 2783 Non
412 2723 461 2784 hic
485 2722 646 2801 Cecropios
669 2723 750 2801 leges
773 2723 954 2804 triumphos,

278 2811 324 2872 vel
349 2814 375 2872 si
398 2830 456 2891 quo
480 2812 631 2871 Marathon
654 2811 741 2873 rubet
764 2811 876 2893 dueHo,

225 2912 259 2962 to
279 2908 342 2981 aut,
366 2919 433 2961 cum
457 2900 538 2960 milia
560 2900 640 2961 mille
665 2903 840 2982 concitaret,

279 2990 414 3050 inflatum
441 2991 654 3050 numerositate
676 2990 809 3071 Xerxen,

279 3085 367 3156 atque
390 3079 470 3139 hunc
493 3077 665 3138 fluminibus
690 3081 761 3139 satis
785 3078 942 3157 profundis

280 3168 435 3228 confestim
460 3167 580 3227 ebibitis
603 3168 698 3228 adhuc
721 3168 835 3248 sitisse3

281 3274 336 3316 nec
359 3274 419 3316 non
442 3255 653 3335 Thermopylas
678 3263 707 3316 et
729 3255 829 3316 Helles
852 3257 947 3317 undas

215 3356 260 3426 Ι45
281 3347 389 3423 spretis
414 3345 548 3407 obicibus
571 3344 628 3405 soli
651 3345 764 3425 salique

184 3541 218 3594 19
239 3555 291 3596 om.
309 3536 339 3593 P
350 3538 359 3610 y
374 3543 411 3594 m
428 3536 530 3594 nones
551 3536 621 3592 mc.
634 3534 768 3590 mactra:
779 3533 871 3585 uuus
886 3534 983 3601 our,
994 3528 1057 3586 oen
1070 3514 1104 3589 Pl
1177 3490 1198 3571 ,ἱ
