2414 3864
133 170 199 232 314
520 168 672 224 chonam
690 167 763 223 XIV.

133 322 256 379 tentiam
278 337 374 379 meam
398 318 595 397 discrepantia
619 320 781 379 sentientes
806 319 871 378 sine
890 317 987 379 Marco
1003 317 1103 388 Varrone,

134 411 197 469 sine
217 408 338 488 Seren0,
357 425 416 468 non
436 407 588 488 Septimio,
608 407 659 468 sed
675 407 872 487 sammonico,
891 409 956 468 sine
975 405 1104 479 Censorino,

133 500 185 576 qui
216 497 252 558 de
285 497 334 557 die
361 497 451 558 natali
478 496 615 558 volumen
647 495 762 557 illustre
795 496 938 579 confecit,
969 514 1024 557 non
1048 505 1104 575 posse

134 586 274 646 damnari.
311 584 341 647 4.
364 585 496 647 lecturus
520 605 553 646 es
575 586 624 646 hic
647 587 737 646 ctiam
759 603 870 646 norum
891 585 1021 665 verbum,
1040 584 1064 644 id
1077 584 1105 640 est

106 677 340 756 sessentiam3
365 675 416 735 sed
441 677 517 735 scias
540 675 596 735 hoc
617 676 715 753 ipsum
735 673 846 735 dixisse
866 674 1047 754 Ciceronem,
1064 685 1106 731 nan

134 766 331 824 essentiam
354 782 409 824 nec
433 782 492 824 non
515 770 544 824 et
572 763 789 825 indoloriam
816 765 992 844 nominavit,
1018 762 1105 823 addens:

134 848 214 912 ‘licet
237 854 316 912 enim
340 855 423 912 novis
447 852 537 913 rebus
560 870 635 913 nova
662 854 781 913 nomina
804 849 985 933 imponere';
1011 859 1038 913 et
1056 854 1106 910 recte

133 941 214 1001 dixit.
256 959 324 1000 nam
348 943 426 1002 sicut
448 940 484 1001 ah
508 959 552 1022 eo,
576 941 654 1020 quod
675 947 720 1002 est
742 939 827 1001 verbi
849 943 944 1020 gratia
968 957 1075 1020 sapere
1090 941 1108 994 et

133 1029 362 1109 intellegere,
395 1032 609 1109 sapientiam
638 1037 667 1090 et
694 1029 985 1108 intellegentiam
1011 1030 1108 1090 nomim-

93 1139 119 1177 1o
133 1137 207 1199 mus,
230 1118 406 1197 regulariter
425 1126 455 1179 et
473 1118 508 1179 ah
528 1137 572 1199 eo,
592 1118 670 1198 quod
690 1125 847 1199 estesse,
872 1121 1058 1179 essentiam
1071 1130 1108 1175 non

132 1214 272 1268 tacemus.
308 1209 408 1287 igitur,
432 1211 570 1287 quoniam
589 1211 633 1268 tui
653 1209 761 1268 amoris
780 1206 880 1268 studio
899 1207 1035 1268 inductus
1051 1207 1108 1266 hono

133 1294 232 1356 Gallus
257 1295 373 1357 scholae
397 1297 575 1376 sophisticae
604 1298 752 1357 intromisi
775 1299 945 1377 materiam,
972 1296 1016 1356 vel
1036 1303 1060 1356 te
1076 1308 1108 1372 pt·

132 1386 280 1445 tissimum
304 1386 374 1445 facti
400 1387 460 1445 mei
483 1385 708 1465 deprecatorem
735 1387 865 1463 requiro.
912 1385 956 1446 illi
979 1385 1064 1446 Venus
1080 1376 1109 1438 rel

132 1473 271 1534 Amorum
291 1476 496 1534 commenticia
514 1477 664 1553 pigmenta
682 1473 863 1555 tribuantur,
886 1477 937 1535 cui
955 1474 1069 1535 defuerit
1082 1471 1109 1528 sic

93 1580 117 1620 15
132 1580 219 1640 posse
243 1561 364 1622 laudari.
407 1562 477 1624 vale.

227 1803 431 1858 PRAEFATIO
449 1802 687 1858 EPITHALAMII
705 1803 803 1860 DICTI
821 1804 983 1861 POLEMIO
1000 1802 1042 1858 ΕΤ

524 1893 753 1948 ARANEOLAE.

365 2005 493 2085 Prosper
516 2008 642 2069 conubio
666 2008 730 2068 dies
754 2015 900 2090 coruscat,

322 2113 409 2173 quem
434 2094 536 2155 Clotho
560 2100 654 2158 niveis
677 2096 803 2175 benigna
827 2099 940 2178 pensis,

322 2183 404 2244 alhus
429 2203 517 2263 quem
540 2188 618 2265 picei
640 2185 756 2265 lapillus
779 2185 854 2267 Indi,

322 2291 410 2351 quern
434 2276 515 2353 pacis
540 2273 627 2335 simul
650 2274 738 2334 arhor
762 2282 791 2335 et
814 2276 951 2337 iuventae

286 2374 301 2422 ὅ
321 2368 532 2441 aeternumque
555 2365 655 2424 virens
679 2363 752 2423 oliva
778 2365 883 2442 signet.

321 2452 375 2530 eia,
399 2449 538 2531 Calliope,
560 2454 674 2512 nitente
697 2452 792 2531 palma

321 2538 357 2597 da
381 2540 458 2599 sacri
481 2537 577 2599 laticis
600 2539 816 2622 loquacitatem,

321 2645 409 2705 quem
433 2627 507 2687 fodit
528 2628 603 2706 pede
627 2628 756 2707 Pegasus
779 2629 890 2689 volanti

321 2723 443 2794 cognato
466 2716 601 2777 madidus
624 2716 723 2778 iubam
747 2736 869 2778 veneno.

269 2817 302 2866 10
322 2823 380 2864 non
403 2805 451 2865 hie
475 2807 621 2888 impietas,
644 2824 699 2866 nec
721 2807 796 2867 hanc
819 2805 949 2886 puellam

321 2893 409 2953 donat
432 2893 577 2954 mortibus
600 2894 729 2956 ambitus
752 2912 926 2976 procorum,

320 3000 380 3042 non
403 2983 452 3043 hic
475 2982 617 3044 Oenomai
641 2992 762 3045 cruenta
786 2986 865 3045 circo

321 3071 403 3131 audit
424 3079 509 3150 pacta
531 3071 637 3152 Pelops
660 3091 715 3133 nec
738 3075 945 3152 insequentem

319 3158 431 3238 pallens
454 3160 654 3239 Hippomenes
677 3162 712 3222 ad
736 3163 794 3222 ima
817 3171 913 3223 metae

270 3249 416 3308 retardat
440 3249 604 3309 Schoenida
627 3257 673 3311 ter
697 3250 819 3311 cadente
842 3269 945 3332 pomo;

200 3457 214 3506 1
237 3451 384 3508 sentientis
407 3454 588 3511 Wilomoaor'ta
610 3458 624 3525 h
643 3459 659 3508 5
678 3454 713 3512 cf.
733 3454 856 3512 Ciceron.
875 3455 976 3527 fragm.
992 3459 1021 3510 16
1038 3445 1109 3522 p145

118 3523 196 3584 Bait.
211 3530 224 3601 h
239 3531 272 3584 15
287 3526 354 3585 valo
369 3545 423 3586 ont.
437 3527 517 3584 codd.
528 3532 545 3597 h
555 3526 678 3592 Pacem
694 3525 770 3578 such
780 3526 1013 3592 omlihtucimo
1027 3514 1108 3583 Pri„
