2414 3864
406 137 558 192 chanun
576 138 624 192 IX.
954 136 1018 203 301

209 289 275 350 Nou
298 306 367 348 cum
389 286 571 366 Triptolemo
595 286 754 348 verendam
776 285 912 369 Eleusin,

166 381 218 458 qui
240 379 352 457 primas
375 377 493 456 populis
517 376 625 437 dedere
649 379 755 437 aristas

165 471 258 548 pastis
282 466 446 527 Chaonium
467 484 523 545 per
544 465 689 546 ilicetum,

166 576 226 618 non
248 556 325 635 Apin
347 555 539 616 Mareoticum
563 554 673 615 sonabo

101 658 149 709 185
169 647 204 708 ad
228 644 417 724 Memphitica
440 647 530 705 sistra
553 645 704 704 concitari.

167 754 227 796 non
251 735 346 795 dicam
369 733 606 794 Lacedaemonos
629 734 778 792 iuventam

166 831 272 886 unctas
295 823 471 902 Tyndaridis
495 822 610 883 dicasse
634 821 741 902 luctas,

167 911 271 974 doctos
294 930 368 991 quos
391 913 496 990 patriis
520 911 606 990 palen
629 910 794 989 Therapnis

169 1020 291 1082 gymnas
314 1000 451 1080 Bebrycii
473 1003 575 1061 tremit
597 999 718 1078 theatri3

101 1105 150 1154 190
168 1109 228 1151 uon
252 1097 348 1151 sortes
371 1089 534 1169 Lyciasque
558 1089 780 1166 caeritumque,

168 1197 311 1259 responsa
334 1186 385 1240 aut
407 1178 559 1239 Themidis
582 1179 682 1258 priora
704 1174 839 1256 Delphis,

168 1287 223 1330 nec
247 1286 323 1348 quae
346 1267 469 1328 fulmine
493 1268 608 1328 Tuscus
632 1267 748 1344 expiato

170 1365 305 1437 saeptum
327 1359 449 1418 numina
473 1358 590 1436 quaerit
613 1355 648 1416 ad
671 1351 817 1434 bidental,

169 1465 224 1508 nec
247 1464 323 1526 quos
345 1445 517 1525 Euganeum
540 1445 646 1506 bihens
670 1444 824 1503 Timavum

103 1549 151 1597 195
171 1535 244 1597 colle
267 1537 435 1596 Antenoreo
458 1534 575 1595 videhat
598 1551 692 1613 augur

172 1625 254 1685 divos
277 1624 477 1685 Thessalicam
500 1642 618 1685 movere
641 1639 784 1702 pugnam,

170 1732 225 1775 nec
250 1732 324 1793 quos
347 1713 541 1792 Amphiaraus
565 1719 595 1773 et
617 1711 779 1790 Melampus

361 1802 381 1844 ’lt
493 1838 512 1879 ,e
623 1801 642 1842 ’lt

171 1911 206 1953 ex
230 1894 304 1971 ipsis
327 1893 427 1970 rapuit
449 1892 521 1952 deos
544 1890 650 1951 favillis

171 2000 225 2061 per
247 1980 392 2061 templum
415 1981 491 2042 male
514 1981 675 2041 fluctuante
699 1978 816 2039 llamma

100 2084 152 2134 200
171 2071 302 2150 gaudens
325 2070 437 2131 lumine
461 2070 577 2149 perdito
600 2068 745 2130 MeteMus.
807 2111 809 2116 ν

172 2179 231 2221 non
253 2159 302 2219 hic
326 2158 458 2239 Cinyfius
482 2166 604 2219 canetur
626 2159 773 2219 hammon

171 2251 324 2310 mitratum
348 2255 436 2327 caput
458 2247 575 2309 elevans
597 2248 732 2328 harenis,

172 2339 221 2397 vix
245 2357 276 2398 se
299 2344 368 2416 post
390 2337 597 2398 hecatombion
619 2337 736 2397 litatum

174 2433 276 2487 suetus
299 2445 436 2506 promere
460 2426 591 2506 Syrtium
613 2426 762 2487 harathro.

102 2528 153 2578 205
173 2534 234 2575 non
255 2514 304 2575 hic
327 2514 471 2594 Dindyma
493 2534 549 2576 nec
573 2521 712 2594 crepante
735 2513 813 2574 buxo

175 2603 299 2664 Curetas
322 2603 548 2683 Berecynthiam
572 2611 725 2685 sonantes,

173 2711 233 2753 nou
257 2691 404 2754 Bacchum
428 2695 580 2753 trieterica
603 2700 774 2753 exerentem

175 2782 342 2843 describam
366 2789 395 2843 et
418 2781 560 2842 tremulas
584 2782 684 2842 lurore
708 2782 783 2841 festo

175 2873 220 2931 ire
242 2873 275 2930 in
297 2870 467 2931 Bassaridas
490 2871 537 2931 vel
560 2870 700 2930 infulatos

102 2972 154 3021 210
174 2977 256 3020 aram
279 2961 314 3020 ad
337 2962 528 3021 turicremam
551 2967 649 3020 rotare
673 2966 791 3038 mystas.

218 3048 284 3109 Non
306 3049 355 3109 hic
377 3049 523 3110 Hesiodea
546 3050 665 3128 pinguis
688 3049 796 3109 Ascrae

176 3144 292 3215 spectes
316 3140 447 3198 carmina
470 3138 649 3217 Pindarique
673 3137 812 3217 chordas,

50 3292 135 3358 laum
153 3288 266 3344 dionem
282 3290 380 3360 PTF,
395 3290 526 3345 didonem
543 3291 586 3362 Gn
601 3298 651 3346 197
665 3292 710 3345 lu'c
724 3291 829 3360 aliquot
841 3305 934 3346 uersus
946 3290 1030 3343 tour-

50 3363 115 3418 diaoe
132 3364 260 3431 (quorum
279 3367 468 3433 aequinoctium
489 3364 565 3417 haud
586 3364 642 3418 acio
660 3380 699 3416 au
717 3379 751 3417 eu
769 3361 854 3418 Statii
874 3361 955 3416 Ttuo.
969 3358 1032 3426 111,

50 3436 133 3504 Maqq.
148 3435 261 3488 ductum
273 3434 371 3503 fuerit)
386 3436 418 3488 iu
428 3451 481 3503 pro
499 3452 522 3488 r,
537 3434 682 3489 Souderah.
692 3436 766 3488 1877
779 3434 918 3503 iudicauit
928 3436 978 3485 198
993 3446 1032 3484 uu

50 3511 117 3560 am?
130 3506 139 3574 l
153 3508 206 3559 208
224 3505 254 3559 et
272 3506 359 3561 detero
375 3506 456 3562 uelit
516 3506 661 3578 etiohuuu3
680 3506 727 3563 sed
740 3505 778 3574 cf.
790 3521 816 3562 c.
828 3502 1050 3571 wattun&
