2414 3864
198 171 366 228 SIDONIUS
384 172 477 228 LUPO
498 171 566 228 SUO
587 171 765 228 SALUTEM.
923 172 985 238 191

83 333 113 382 45
135 340 193 401 qua
218 321 410 402 serpylliferis
434 322 493 382 olet
516 323 621 382 catinis

134 410 225 471 bacas
247 429 302 490 per
325 413 457 489 geminas
480 410 572 471 ruber
595 409 722 471 botellus

134 499 261 560 ollarum
284 508 335 560 aut
357 499 481 560 nebulae
505 518 613 578 vapore
636 502 737 559 iuncto

135 589 250 649 fumant
273 607 341 649 cum
364 588 579 669 crepitantibus
601 587 727 668 patellis

133 678 182 738 hic
206 696 274 738 cum
297 677 371 737 lesia
395 677 459 738 dies
483 679 562 739 ciere
585 696 671 737 ravos

81 777 111 828 oo
134 775 239 827 cantus
263 770 396 846 coeperit
418 773 448 827 et
471 765 676 847 voluptuosam

133 874 304 916 scurrarum
328 858 543 935 querimoniam
566 873 702 935 crepare,

133 951 218 1025 tunc,
241 952 312 1005 tunc
336 947 466 1005 carmina
490 945 624 1023 digniora
646 943 731 1004 vohis

131 1035 228 1093 vinosi
250 1033 378 1113 hospitis
401 1036 516 1094 excitus
539 1033 665 1094 Camena

132 1122 200 1202 plus
219 1121 278 1182 illis
302 1141 356 1201 ego
379 1121 524 1183 barbarus
547 1139 709 1182 susurrem.

92 1263 116 1325 0
140 1267 304 1325 necessitas
327 1264 441 1325 abiecta
464 1265 615 1346 nascendi,
633 1264 751 1325 vivendi
773 1267 892 1345 misera,
911 1265 985 1326 dura

76 1351 132 1413 ndi!
165 1372 235 1414 ecce
254 1372 313 1432 quo
331 1372 433 1414 rerum
451 1353 643 1414 volubilitatis
658 1354 802 1414 humanae
817 1360 881 1414 rota
901 1353 983 1414 duci-

76 1445 172 1523 rmavi,
191 1443 294 1523 fatcor,
313 1445 386 1503 satis
405 1444 564 1522 hominem,
583 1442 653 1515 licet
676 1442 861 1523 quibusdam,
883 1449 983 1503 tamen

76 1531 184 1613 vilibus,
212 1534 319 1592 erratis
349 1531 552 1610 implicaretur
575 1538 663 1610 atque
686 1530 845 1592 virtutihus
869 1533 985 1592 minora

76 1627 119 1681 et.
166 1638 293 1699 namque
322 1620 427 1681 crebro
457 1620 571 1682 levibns
600 1639 636 1680 ex
660 1622 771 1700 causis,
794 1621 845 1681 sed
869 1620 983 1701 leviter,
1010 1636 1023 1678 s

76 1716 165 1789 ratur,
184 1709 262 1787 quod
281 1709 442 1770 nilominus
462 1728 515 1788 ego
539 1708 694 1769 studebam
717 1711 880 1770 sententiae
904 1717 984 1770 cete-

100 1805 237 1859 naturam
260 1800 359 1878 potius
382 1799 562 1877 persuadere
587 1816 675 1876 quam
701 1800 819 1879 vitium,
850 1799 983 1861 adstrue-

76 1907 97 1948 re
120 1887 253 1967 meliora,
276 1889 415 1966 quatinus
439 1889 470 1947 in
492 1894 612 1966 pectore
635 1889 693 1947 viri
716 1888 869 1948 iracundia
891 1895 983 1949 mate-

76 1995 87 2036 r
123 1994 264 2056 regnans,
296 1978 365 2054 quia
396 1994 487 2036 naevo
521 1975 704 2037 crudelitatis
736 1977 832 2038 luerat
864 1978 982 2058 insecta,

76 2072 126 2126 xtu
154 2064 252 2124 saltim
280 2067 447 2125 severitatis
474 2064 697 2125 emacularetur.
742 2074 896 2145 praeterea
926 2069 1023 2127 etsi1o

79 2172 95 2212 0
119 2152 242 2233 fragilis,
264 2152 321 2213 fide
346 2154 534 2214 firmissimus
557 2162 635 2235 erat3
658 2157 890 2235 incautissimus
913 2158 983 2234 qnia

75 2261 123 2324 us;
156 2244 380 2322 securissimus,
404 2245 556 2322 quianon
582 2261 702 2304 nocens.
748 2243 847 2304 nullus
875 2243 919 2303 illi
941 2246 983 2303 ita

76 2350 119 2412 us,
139 2334 192 2410 qui
209 2338 311 2411 posset
329 2333 394 2392 eius
414 2339 590 2411 extorquere
609 2331 812 2413 maledictum3
836 2339 866 2392 et
883 2338 983 2392 tamen

89 2422 132 2480 sic
152 2423 274 2500 amicus,
294 2423 346 2499 qui
363 2428 465 2500 posset
488 2422 617 2499 effugere
637 2423 811 2481 convicium.
852 2420 982 2480 difficilis

85 2527 153 2570 cum
177 2508 272 2569 facilis
296 2511 441 2590 inspectu,
460 2516 489 2569 et
507 2509 669 2589 portandus
688 2510 817 2590 quidem,
840 2509 893 2570 sed
911 2527 980 2589 por·
996 2524 1022 2564 15

122 2595 152 2660 5.
186 2598 222 2658 de
245 2597 375 2679 reliquo,
407 2601 434 2658 si
461 2601 608 2659 orationes
631 2598 712 2658 illius
735 2601 882 2679 metiaris,
914 2616 983 2658 acer

76 2690 129 2767 Lus,
156 2689 339 2766 compositus
362 2706 518 2769 excussus3
550 2691 577 2747 si
603 2694 751 2768 poemata,
774 2695 860 2748 tener
882 2686 982 2747 multi·

91 2783 215 2855 argutus
230 2777 335 2836 artilex
350 2784 420 2837 erat.
454 2776 579 2837 faciebat
593 2776 740 2854 siqnidem
754 2795 859 2837 versus
874 2775 981 2855 oppido

76 2871 171 2926 stam
195 2865 304 2943 pedum
327 2867 402 2925 mira
425 2885 512 2944 quam
536 2865 697 2943 figurarum
724 2868 878 2925 varietate:
909 2865 981 2925 hen-

77 2952 169 3014 llahos
193 2953 323 3014 lubricos
347 2961 377 3014 et
399 2956 525 3035 enodes3
552 2954 738 3014 hexametros
767 2961 923 3033 crepantes
952 2962 982 3015 et
996 2970 1022 3009 ao

76 3051 154 3123 atos3
183 3042 282 3120 elegos
314 3061 384 3103 vero
412 3063 491 3105 nunc
522 3043 657 3103 echoicos
685 3060 764 3103 nunc
791 3051 982 3104 recurrentes

76 3150 124 3210 per
147 3131 333 3210 anadiplosin
355 3134 413 3193 fine
437 3134 651 3213 principiisque
675 3150 811 3192 conexos.
858 3131 887 3194 6.
914 3133 982 3214 huc,

82 3325 115 3375 45
135 3319 239 3374 catinis
253 3337 310 3391 epo,
327 3320 436 3375 cetenis
452 3323 502 3388 (cel
516 3319 652 3386 cathenis)
666 3322 754 3389 codd,
772 3320 878 3375 catillis
893 3321 981 3376 tha·

76 3407 78 3431 ³
100 3395 111 3463 l
137 3411 163 3448 v.
178 3396 213 3444 48
232 3391 490 3462 concrepitantibns
513 3394 597 3447 codex
615 3392 776 3462 Helontad,
798 3393 861 3460 fort.
885 3398 954 3446 recte
971 3391 981 3462 ll

76 3462 197 3517 abilibns
216 3463 285 3530 ΕΝ,
304 3464 460 3519 venialibus
478 3464 515 3518 M
519 3463 570 3519 OT
581 3467 620 3536 lb
638 3462 797 3520 nilominus
815 3460 992 3530 haedibu-

82 3534 137 3605 (chi
154 3551 174 3590 a.
194 3535 211 3588 l.
230 3535 294 3590 add.
308 3535 501 3606 N¹lNMTO
512 3540 522 3611 ll
541 3543 576 3595 15
597 3535 683 3594 adlhn
701 3555 756 3596 oto.
776 3539 887 3607 ΟΝ
896 3532 966 3583 *m
980 3528 1015 3581 L
