2414 3864
271 181 439 238 SIDONIUS
457 179 599 237 nonime
618 179 686 236 SUO
706 179 882 236 SALUTEM.
1040 180 1085 246 55

548 396 605 462 III.

270 519 437 575 SIDONIUS
455 518 600 574 EUDIOIO
619 518 688 574 SUO
708 518 886 573 SALUTEM.

149 629 171 694 l.
193 634 222 694 Si
242 633 369 715 quando,
387 652 466 694 nunc
485 651 621 693 maxume
640 633 781 693 Arvernis
800 635 875 694 meis
894 633 1083 716 desideraris,

100 719 181 796 quihus
203 723 323 783 dilectio
346 725 392 783 tui
419 724 546 783 immane
573 722 754 800 dominatur,
783 729 812 782 et
840 723 960 801 quidem
983 722 1083 783 multi-

97 805 197 884 plicibus
215 831 252 872 ex
271 813 383 872 causist
405 813 545 892 primum,
564 811 642 890 quod
662 829 791 871 summas
806 813 838 871 in
857 811 964 872 affectu
982 819 1083 891 partes
1147 806 1148 810 ’

98 895 145 957 irre
164 900 216 961 sibi
239 908 364 979 usurpat
390 907 470 960 terra
494 918 569 979 quae
592 903 710 981 genuit3
743 900 825 982 dein,
858 900 936 979 quod
965 901 1082 962 saeculo
1110 921 1125 962 s

97 989 134 1043 tuo
153 989 225 1050 solus
248 989 342 1050 ferme
364 987 535 1049 mortalium
559 1007 600 1069 es,
625 991 676 1068 qui
699 991 811 1068 patriae
834 1008 894 1050 non
913 992 1012 1050 minus
1032 990 1082 1050 de·

98 1072 178 1138 siderii
202 1081 372 1139 nasciturus
396 1096 484 1157 quam
508 1078 608 1156 gaudii
630 1084 717 1138 natus
741 1078 861 1159 feceris3
885 1079 1082 1158 astipulantur

96 1170 192 1228 assertis
219 1170 348 1228 materni
376 1166 525 1248 quondam
551 1169 704 1246 puerperii
731 1174 878 1248 tempora,
911 1186 986 1246 quae
1013 1187 1082 1248 pro·

96 1247 186 1316 ficiente
200 1264 346 1336 conceptu
361 1254 610 1317 concordantibus
627 1257 736 1316 civium
750 1257 826 1315 votis
841 1255 1081 1317 numerabantur.

96 1333 117 1397 l.
135 1347 224 1406 omitto
249 1345 298 1405 illa
322 1347 488 1406 communia
512 1345 642 1425 quidem,
666 1344 718 1404 sed
742 1363 816 1423 quae
840 1361 900 1404 non
921 1345 1083 1406 mediocria
1097 1365 1125 1404 ιο

96 1431 200 1494 lanatis
233 1435 425 1494 incitamenta
458 1440 540 1514 sunt,
572 1435 659 1494 istius
691 1432 748 1493 tibi
780 1440 909 1512 reptatas
942 1436 1082 1514 caespitis

96 1512 196 1590 glaebas.
240 1529 395 1602 praetereo
426 1523 504 1602 quod
534 1522 607 1583 haec
635 1524 767 1601 primum
794 1524 926 1600 gramina
953 1525 1083 1605 incessu,

95 1600 191 1671 tunna
212 1618 328 1692 natatu,
355 1618 463 1672 venatu
485 1630 607 1672 nemora
633 1611 757 1689 fregisti.
804 1613 907 1671 omitto
931 1612 1010 1691 quod
1033 1612 1082 1673 hic

94 1694 198 1767 prinum
219 1700 277 1761 tibi
295 1699 355 1779 pila
372 1719 492 1781 pyrgus,
516 1701 658 1779 accipiter
677 1702 767 1781 caniS,
791 1717 886 1778 equus
905 1719 992 1762 arcus
1012 1701 1081 1762 ludo

95 1777 163 1849 luere.
205 1791 291 1849 mitto
314 1791 384 1850 istic
408 1788 445 1849 ob
466 1791 590 1868 gratiam
608 1790 754 1868 pueritiae
773 1795 841 1849 tuae
860 1789 991 1868 undique
1011 1809 1123 1869 gen-15

94 1869 149 1934 ilum
169 1877 346 1939 confluxisse
369 1878 467 1938 studia
490 1877 656 1938 litterarum
678 1884 805 1956 tuaeque
824 1896 969 1957 personae
989 1898 1082 1958 quon-

95 1953 144 2021 lam
163 1965 301 2047 debitum,
329 1966 408 2046 quod
432 1969 579 2027 sermonis
602 1965 707 2028 Celtici
735 1985 888 2046 squamam
911 1967 1082 2048 depositura

94 2045 205 2116 nobilitas
238 2074 318 2116 nunc
355 2057 483 2116 oratorio
522 2054 602 2137 stilo,
639 2073 718 2116 ncrnc
754 2058 843 2116 etiam
875 2055 1082 2118 Camenalibus

94 2138 166 2204 ndis
195 2144 392 2205 imbuebatur.
438 2142 468 2205 3.
491 2144 565 2205 illud
592 2146 624 2204 in
652 2151 681 2204 te
712 2145 850 2205 allectum
877 2145 1083 2225 prinpraliter

94 2227 270 2295 uniuersitatis
295 2233 438 2314 accendit,
466 2233 554 2314 quod,
583 2251 657 2312 quos
681 2233 751 2293 olim
774 2232 895 2295 Latinos
923 2235 989 2294 fieri
1012 2252 1081 2294 exe·
1095 2256 1122 2295 zo

93 2325 166 2402 seras,
189 2321 331 2384 barbaros
356 2322 496 2401 deinceps
525 2340 590 2382 esse
613 2324 742 2384 vetuisti.
788 2341 849 2383 non
877 2325 956 2383 enim
983 2329 1081 2401 potest

93 2415 207 2485 lissqrram
240 2413 344 2472 civicis
376 2410 547 2490 pectoribus
576 2409 662 2492 elabi,
695 2430 784 2490 quem
816 2419 845 2471 tc
879 2419 1080 2491 quantumque

93 2503 166 2570 nuper
186 2503 283 2561 omnis
307 2507 386 2561 aetas
410 2499 482 2560 ordo
506 2518 595 2560 sexus
614 2518 630 2560 e
651 2502 802 2561 semirutis
821 2519 975 2561 muromm
994 2519 1081 2580 agge·

93 2574 156 2645 ribus
180 2588 436 2669 conspicabantur,
469 2607 537 2649 cum
568 2591 733 2650 interiectis
766 2588 944 2670 aequoribus
971 2592 1003 2650 in
1031 2589 1080 2650 ad-

93 2678 187 2736 remum
208 2677 421 2758 perambulatis
450 2684 480 2737 et
505 2680 554 2738 vix
582 2678 784 2756 duodeviginti
812 2680 946 2757 equitum
974 2678 1080 2739 sodali·
1095 2701 1122 2742 ec

93 2755 137 2816 tate
164 2769 318 2828 comitatus
351 2765 462 2845 aliquot
498 2766 579 2826 milia
611 2766 775 2828 Gothorum
807 2784 867 2827 non
900 2770 999 2828 minus
1032 2767 1080 2828 die

94 2855 161 2917 llam
181 2874 283 2935 campo
307 2855 424 2936 medios
438 2854 517 2934 quod
539 2855 659 2917 difficile
684 2859 723 2916 sit
744 2858 903 2936 posteritas
922 2857 1081 2937 creditura,

92 2932 209 3005 transisti.
254 2944 285 3005 4.
309 2944 345 3004 ad
373 2944 501 3004 nominis
529 2946 574 3005 tui
600 2963 751 3006 rumorem
778 2962 982 3025 personaeque
1010 2964 1081 3007 con·

94 3031 202 3095 spectum
226 3036 391 3094 exercitum
414 3034 692 3094 exercitatissimum
715 3042 819 3114 stupor
842 3033 941 3094 obruit
964 3037 1017 3117 ita,
1045 3043 1079 3096 ut

93 3120 146 3180 litt
166 3121 354 3184 admiratione
378 3124 529 3182 nescirent
547 3122 638 3183 duces
656 3125 750 3201 partis
769 3125 915 3204 inimicae,
939 3143 1027 3203 quam
1047 3142 1078 3184 se
1093 3148 1119 3186 eo

93 3199 160 3266 11llllti
180 3229 323 3290 quamque
347 3218 376 3271 te
399 3213 487 3291 pauci
515 3214 736 3273 comitarentur.
783 3211 926 3273 subducta
950 3220 995 3274 est
1019 3218 1079 3272 tota

93 3294 204 3361 bantinus
231 3303 310 3362 acies
342 3302 374 3360 in
406 3299 599 3378 supercilium
632 3300 715 3361 collis
745 3301 876 3381 abrupti,
909 3320 983 3380 quac
1012 3318 1079 3361 cum

151 3471 177 3520 la
192 3471 221 3526 in
238 3473 268 3526 te
286 3470 359 3525 illud
380 3471 423 3541 Ol!
436 3475 470 3524 24
488 3470 726 3543 conspicabantur
746 3474 852 3547 LNT,
871 3471 1103 3544 conspicabatur

94 3520 198 3599 Imbro
210 3541 356 3594 soliditate
375 3541 422 3613 Op
433 3547 467 3596 29
486 3545 771 3608 exercitatissimum
791 3549 962 3610 exorditum
976 3546 1036 3615 Cb
