2414 3864
134 158 201 223 l84
492 157 601 212 LIBER
620 156 793 213 OCTAVUS.

133 314 383 387 temperamento,
416 307 494 385 quod
527 325 587 366 non
620 306 716 368 solum
749 307 820 386 quid
851 305 963 368 habere
996 308 1047 368 sed
1076 306 1129 387 quid

133 396 241 458 debeat
264 414 329 456 esse
350 395 526 456 consideret.
561 414 629 455 nam
648 399 675 457 si
693 398 802 456 ceteris
820 395 967 457 nobilium
986 399 1130 458 studiomn

132 485 249 546 artibus
272 485 436 564 repudiatis
461 484 570 545 solato
589 485 794 564 propagandae
817 487 863 546 rei
880 484 1036 547 familiaris
1054 487 1131 547 urtica

133 574 283 656 sollicitat,
307 572 378 634 licet
392 580 425 634 tu
440 573 600 634 deductum
618 592 761 635 nomena
775 573 888 634 trabeis
907 581 997 653 atque
1016 575 1132 636 eboratas

106 663 256 724 scurulcs
284 669 314 723 et
343 665 518 741 gestatorias
547 661 708 723 bratteatas
732 669 762 723 ct
784 663 876 723 fastos
899 662 1015 725 recolas
1037 681 1129 745 purpu-

132 755 268 832 rissatos,
292 753 318 810 is
342 752 475 831 profecto
494 753 656 832 inveniere,
675 770 764 830 quem
782 750 889 812 debeat
908 752 951 812 sic
970 753 1132 814 industrium

135 841 216 920 quod
244 839 385 900 latentem
417 858 477 900 non
509 847 570 900 tam
596 839 744 901 honorare
772 858 879 900 censor
902 859 992 920 quam
1015 847 1133 904 censetor

136 947 270 990 onerare.
303 927 374 988 vale.

615 1119 671 1184 IX.

306 1240 475 1295 SIDONIUS
493 1240 694 1296 LAMPRIDIO
714 1241 782 1296 SUO
802 1240 982 1298 SALUTEM.

92 1375 121 1416 m
204 1351 232 1415 1.
256 1353 331 1416 Cum
352 1356 482 1434 primum
505 1353 693 1433 Burdigalam
716 1356 796 1434 veni,
819 1353 934 1416 litteras
957 1356 1033 1417 mihi
1055 1352 1129 1417 tabel-

133 1444 225 1505 larius
254 1450 324 1504 tuus
358 1443 465 1503 obtulit
500 1442 603 1523 plenas
631 1445 760 1504 nectaris
784 1442 892 1504 florum
913 1447 1131 1525 margaritarum,

133 1532 241 1612 quibus
266 1531 416 1593 silentium
438 1550 538 1592 meum
557 1531 658 1611 culpas
677 1539 707 1593 et
721 1531 836 1610 aliquos
855 1551 996 1595 versuum
1015 1547 1129 1594 meorum

133 1620 272 1682 versibus
294 1623 408 1701 poscis,
441 1623 493 1700 qui
520 1620 576 1681 tibi
599 1620 695 1682 solent
716 1639 771 1700 per
794 1623 943 1682 musicum
966 1623 1056 1702 palati
1078 1637 1129 1682 oon-

135 1729 239 1771 carum
261 1711 424 1770 tinnientes
447 1728 518 1770 voce
542 1712 651 1771 variata
681 1711 766 1789 quasi
788 1709 871 1770 tibiis
894 1710 1130 1773 multiforatilibus

95 1818 122 1859 rs
135 1798 256 1859 effundi.
294 1798 346 1858 sed
369 1798 426 1858 hoc
447 1805 481 1859 tu
503 1799 705 1859 munificentia
728 1799 810 1877 regia
841 1801 913 1860 satis
942 1800 1066 1863 abutens
1087 1801 1129 1860 iau

134 1905 260 1948 securus
283 1893 351 1966 post
373 1905 496 1947 munera
515 1883 599 1969 lacis,'
616 1889 684 1967 quia
703 1888 827 1947 iorsitan
846 1890 1002 1950 satiricum
1019 1889 1090 1951 illud
1105 1884 1131 1944 dc

136 1977 256 2036 satirico
275 1994 335 2035 non
358 1975 538 2036 recordaris:
562 1983 661 2038 satur
684 1983 739 2036 est
762 1994 840 2036 cum
863 1977 953 2038 dicit
976 1977 1133 2039 Horatius

136 2059 290 2125 ‘euhoe'
337 2062 366 2126 2.
409 2065 478 2144 quid
502 2062 625 2126 multis?
665 2067 772 2126 merito
804 2083 852 2125 me
885 2073 1005 2127 cantare
1029 2062 1134 2127 exotio

135 2153 235 2235 iubes,
268 2155 336 2233 quia
366 2161 396 2214 te
419 2155 478 2213 iam
501 2153 608 2214 saltare
640 2153 774 2215 delectat.
820 2155 962 2234 quicquid
991 2155 1063 2217 illud
1092 2153 1139 2223 esi,

95 2263 122 2303 eo
136 2261 226 2325 parco
249 2249 362 2323 tamen,
389 2242 479 2320 idque
511 2261 571 2303 non
598 2243 685 2303 modo
709 2261 769 2303 non
792 2250 911 2304 coactus
934 2245 1142 2305 verumetiam

137 2332 312 2412 spontaliter
334 2332 425 2412 facio;
453 2338 567 2392 tautum
590 2339 623 2393 tu
646 2338 806 2410 utcumque
834 2332 991 2394 moderere
1015 2329 1146 2394 Catonia·

136 2440 208 2482 num
241 2420 452 2501 superciliosae
484 2420 590 2481 frontis
623 2419 786 2482 arbitrium.
833 2423 913 2482 nosti
944 2424 1025 2482 enim
1056 2413 1152 2502 probe

136 2510 278 2571 laetitiam
309 2516 478 2590 poetarum,
512 2528 638 2588 quorum
670 2512 714 2570 sic
745 2512 864 2589 ingenia
895 2511 1080 2572 maeroribus
1120 2498 1159 2556 Ul

135 2598 272 2679 pisciculi
291 2598 404 2659 retibus
424 2600 615 2680 amiciuntur3
639 2606 668 2659 ct
687 2601 714 2658 si
737 2600 808 2678 quid
827 2617 966 2678 asperum
986 2606 1037 2660 aut
1054 2597 1164 2677 triste

95 2706 122 2746 as
136 2706 197 2748 non
234 2690 333 2748 statim
370 2705 436 2748 sese
470 2689 585 2766 poetica
619 2687 787 2749 teneritudo
825 2706 840 2748 a
877 2687 995 2748 vinculo
1037 2682 1166 2749 incursl

136 2779 256 2856 angoris
286 2776 428 2855 elaqueat.
474 2776 602 2837 necdum
633 2779 713 2837 enim
744 2779 903 2856 quicquam
927 2776 963 2836 de
986 2765 1171 2838 hereditalss

209 2953 240 3000 17
261 2947 385 3002 Juvenal.
400 2945 460 3014 Vll,
475 2953 517 3002 62.

210 3017 319 3086 lquod
337 3019 370 3072 N
378 3018 506 3086 Vmor,
529 3034 585 3085 quo
604 3019 645 3087 L,
667 3019 730 3086 fort.
750 3025 820 3074 recte
846 3020 856 3088 ΙΙ
884 3018 1063 3074 binreniere
1080 3019 1106 3073 L
1150 2993 1174 3049 ‘l

137 3092 219 3157 (corr.
238 3106 272 3143 ec
295 3089 420 3143 invenire
439 3089 551 3158 Μ’)Μ,
574 3088 699 3143 invenire
723 3090 786 3145 VN
790 3089 842 3145 OT
862 3091 871 3158 ΙΙ
896 3095 911 3144 'l
931 3084 1174 3159 censitor(ce11·

138 3160 214 3213 sotor
240 3162 298 3231 ego)
326 3177 441 3215 onerare
460 3161 650 3230 broichano,
677 3162 772 3215 censet
795 3176 944 3215 oronerore
967 3161 1007 3231 L,
1034 3148 1174 3216 cermesss

137 3246 253 3286 onerare
274 3235 352 3301 prout.
372 3247 420 3285 ens
438 3249 459 3287 s.
479 3233 496 3287 l.
516 3238 542 3288 et
559 3248 613 3286 rac.
633 3232 697 3287 add.
711 3232 804 3298 ΛΜΝ
806 3232 854 3300 M,
876 3247 994 3286 censens
1012 3218 1174 3287 honerati

137 3304 169 3371 Τ,
190 3318 286 3356 censes
306 3319 420 3357 onerare
441 3302 476 3368 0,·
494 3305 529 3372 cf.
544 3303 605 3358 Alc.
620 3303 696 3358 Acii.
710 3320 732 3358 c.
752 3304 802 3370 VI,
817 3307 870 3358 613
893 3306 902 3372 ΙΙ
927 3308 961 3356 10
979 3305 1044 3358 tuas
1063 3284 1174 3356 m1012¹

138 3374 181 3445 Oli
197 3380 229 3428 13
244 3381 309 3444 post
325 3373 453 3428 versibus
472 3376 521 3444 lep.
540 3373 597 3428 iuis
615 3376 648 3429 a'rc
666 3375 699 3442 T,
721 3391 742 3429 e.
762 3375 779 3428 l.
798 3375 863 3430 add.
882 3369 1174 3445 P¹p1es0reirss

135 3445 237 3500 merito
256 3445 442 3514 Istcetjobauu,
459 3446 589 3514 frustrat}
607 3450 640 3499 21
660 3460 780 3512 cumque
798 3448 860 3512 (om.
879 3446 922 3516 ut)
940 3446 968 3500 L
983 3449 988 3512 Ι
1003 3431 1174 3500 moderase

127 3517 228 3587 1μό
246 3533 310 3573 sese
328 3516 357 3574 L
375 3523 401 3575 ei
420 3517 481 3589 (ult.
501 3533 532 3572 se
551 3533 621 3574 cros.
637 3522 670 3573 ot
686 3534 713 3572 o.
732 3516 785 3583 Nl)
794 3517 832 3584 N,
847 3533 930 3570 sea*
949 3517 1004 3586 Mi
1024 3533 1054 3571 se
1074 3503 1143 3571 OT
1164 3487 1174 3556 ll
