2392 3854
285 119 454 176 SIDONIUS
472 120 592 175 FELIUI
611 121 678 177 SUO
699 121 877 178 SALUTEM.
1045 125 1087 189 83

66 272 167 349 priam
199 270 322 331 domum
353 288 413 330 non
449 270 603 349 possidere
641 272 693 331 sed
729 274 829 351 potius
869 272 1087 335 administrare.

67 357 98 421 5.
124 377 182 438 qua
206 359 355 420 industria
377 361 434 418 viri
462 378 495 419 ac
518 364 714 439 temperantia
740 363 874 440 inspecta
898 361 934 421 ad
957 361 1086 442 reliquo-

67 467 136 509 rum
151 466 271 528 quoque
291 450 395 508 censui
412 451 564 528 pertinere
583 449 832 532 informationem,
852 453 878 510 si
896 450 942 511 vel
957 469 1086 512 summo-

65 546 157 597 tenus
179 539 239 597 vita
263 539 373 597 ceteris
396 536 463 597 talis
490 536 705 619 publicaretur,
733 540 769 599 ad
794 557 881 618 quam
905 541 1087 618 sequendam

64 634 187 706 praeter
210 624 354 706 habitum,
377 644 435 704 quo
458 628 579 687 interim
601 631 752 706 praesenti
776 627 894 689 saeculo
914 631 1086 711 imponitur,
1113 647 1126 689 5

66 733 174 776 omnes
194 722 314 776 nostrae
333 715 528 793 professionis
547 715 684 776 homines
702 716 861 778 utilissime
881 719 1086 800 incitarentur,

66 807 149 886 quia,
172 803 252 883 quod
275 821 347 883 pace
372 804 485 865 ordinis
508 806 568 864 mei
591 804 728 888 dixerim,
751 809 777 866 si
795 813 911 868 tantum
929 806 1006 868 bona
1025 810 1086 868 sin-

64 892 135 972 gula
168 895 199 953 in
233 891 359 972 singulis
391 900 491 974 erunt,
524 892 592 972 plus
624 911 677 972 ego
711 895 841 956 admiror
874 896 1086 957 sacerdotalem

63 984 164 1042 virum
190 1000 280 1060 quam
304 982 498 1043 sacerdotem.
545 982 617 1043 vale.

555 1211 594 1273 X.

283 1328 449 1384 SIDONIUS
468 1330 585 1387 FELICI
604 1331 673 1387 SUO
693 1329 872 1386 SALUTEM.
1098 1359 1124 1400 10

135 1427 162 1505 Ῐ.
185 1443 318 1522 Erumpo
341 1445 373 1503 in
397 1443 603 1505 salutationem
626 1445 697 1505 licet
720 1463 826 1525 seram,
850 1444 969 1506 domine
989 1465 1083 1529 meus,

68 1535 153 1594 annis
185 1535 250 1612 ipse
283 1535 342 1593 iam
378 1531 479 1593 multis
512 1533 703 1614 insalutatus,
742 1534 940 1613 frequentiam
973 1538 1083 1596 veteris

67 1623 156 1683 oflicii
180 1639 300 1682 servare
323 1639 383 1681 non
402 1621 522 1703 audens,
545 1631 704 1702 postquam
722 1641 770 1683 me
790 1622 846 1683 soli
864 1625 953 1702 patrii
972 1624 1083 1686 finibus

68 1711 252 1772 eliminatum
275 1712 523 1790 peregrinationis
547 1711 669 1772 adversa
692 1712 853 1790 fregerunt.
900 1720 1083 1793 quapropter

68 1819 117 1861 ros
141 1818 260 1882 quoque
284 1801 439 1877 ignoscere
459 1799 544 1861 decet
565 1800 820 1882 erubescentibus,
844 1802 993 1882 siquidem
1012 1821 1124 1864 con-15

69 1892 147 1951 venit
174 1887 346 1950 humiliatos
378 1888 502 1949 humilia
535 1893 644 1950 sectari
670 1908 768 1968 neque
797 1908 865 1951 cum
892 1890 952 1951 illis
979 1911 1083 1972 parem

69 1978 275 2039 familiaritatis
293 1984 396 2038 tenere
415 1980 620 2059 constantiam,
639 1978 747 2058 quibus
762 1980 838 2040 forte
858 1982 899 2040 sit
912 1980 1082 2060 improbum

68 2067 131 2146 plus
163 2069 274 2128 amoris
308 2084 395 2145 quam
427 2069 611 2127 reverentiae
643 2068 825 2147 impendere.
875 2077 998 2148 propter
1025 2071 1083 2131 boo

69 2156 193 2236 denique
217 2155 352 2216 iamdiu
374 2163 457 2215 taceo
480 2173 593 2234 vosque
620 2159 762 2236 tacuisse,
794 2175 862 2217 oum
889 2157 968 2218 filius
997 2177 1081 2219 meus

69 2244 242 2307 Heliodorus
279 2244 337 2304 huc
373 2247 466 2326 venit,
503 2246 598 2323 magis
634 2245 795 2306 toleranter
833 2265 921 2325 quam
953 2245 1081 2307 libenter
1095 2267 1122 2308 so

70 2338 174 2414 accepi.
221 2332 250 2396 2.
276 2333 327 2394 sed
351 2333 451 2394 dicere
475 2332 604 2413 solebas,
633 2353 810 2415 quamquam
834 2335 973 2416 fatigans,
1002 2336 1080 2414 quod

70 2441 161 2484 meam
185 2424 272 2502 quasi
290 2421 457 2483 facundiam
478 2440 625 2483 vererere.
663 2426 814 2484 excusatio
839 2425 940 2504 istaec,
963 2427 1081 2485 etiamsi

70 2512 171 2574 luisset
197 2530 281 2592 vera,
313 2513 485 2593 transierat,
518 2513 587 2589 quia
613 2519 682 2591 post
713 2515 905 2573 terminatum
937 2512 1081 2594 libellum,

71 2604 116 2679 qui
137 2620 244 2681 parum
267 2599 375 2661 cultior
399 2606 452 2680 est,
475 2599 606 2678 reliquas
629 2601 727 2662 denuo
746 2601 862 2661 litteras
881 2602 988 2684 usuali,
1010 2603 1081 2664 licet

70 2698 219 2751 accuratus
251 2689 324 2749 mihi
356 2687 462 2749 melior
493 2706 554 2749 non
587 2691 639 2770 sit,
672 2709 808 2751 sermone
842 2698 981 2773 oontex03
1018 2710 1079 2754 non
1094 2711 1120 2754 25

72 2781 144 2840 enim
167 2781 242 2840 tanti
265 2786 311 2839 est
333 2778 422 2857 poliri
445 2777 588 2839 formidas
607 2779 736 2840 editione
756 2782 909 2841 carituras.
947 2789 1080 2843 ceterum

73 2869 95 2927 si
111 2870 241 2929 caritatis
256 2875 324 2928 tuae
338 2885 453 2927 morem
473 2868 602 2946 pristino
618 2867 834 2949 colloquiorum
854 2872 955 2932 cursui
970 2871 1080 2954 reddis,

73 2962 99 3016 et
122 2976 176 3018 nos
204 2964 336 3018 vetustae
364 2955 553 3035 loquacitatis
581 2956 694 3018 orbitas
724 2976 929 3041 recurremus,
960 2969 1081 3041 praeter

71 3041 135 3106 baec
159 3046 241 3107 avide
260 3047 379 3125 praevio
399 3044 516 3106 Christo
537 3045 590 3125 sic,
612 3045 665 3107 ubi
686 3047 821 3109 locorum
839 3049 967 3131 fueritis,
990 3050 1078 3110 modo

136 3207 151 3254 'l
170 3199 275 3255 ordinis
294 3199 351 3254 mei
369 3200 434 3254 ΒΝ
439 3202 470 3267 Τ,
489 3197 546 3252 mei
565 3197 672 3254 ordinis
691 3201 729 3255 M
732 3201 779 3270 011
798 3207 832 3255 10
851 3204 934 3258 iuter.
955 3220 1004 3257 om.
1024 3202 1051 3256 L
1069 3203 1079 3272 lt

75 3272 102 3321 to
118 3268 204 3325 istaec
223 3271 262 3338 L,
285 3270 343 3325 ista
359 3270 411 3325 hee
430 3271 473 3335 N,
492 3268 550 3322 ista
567 3268 637 3324 hoec
657 3272 751 3326 MGT
770 3276 780 3342 [f
803 3278 838 3327 24
858 3275 908 3342 qui
926 3273 991 3338 Lu,
1010 3271 1079 3339 quia

76 3337 107 3408 N,
128 3358 183 3410 qua
206 3343 299 3410 VGF,
325 3341 353 3395 in
377 3359 432 3411 quo
455 3342 497 3412 (in
520 3357 540 3420 ρ.
560 3341 577 3394 l.
597 3343 661 3398 odd.
681 3349 707 3398 et
725 3361 741 3424 p
760 3345 792 3398 io
809 3361 864 3400 ras.
884 3362 952 3400 corr.
972 3342 1078 3424 Meli,

75 3411 640 3554 reiterationem]
647 3413 1089 3544 tetensteten

902 3573 940 3633 Q*
