2392 3854
432 143 584 199 CARMEN
602 145 635 200 V.
976 147 1040 212 257

116 312 204 372 quam
227 292 321 355 lorica
345 296 455 376 operit,
479 296 563 355 cuius
587 294 751 355 diademata
775 293 903 355 frontem

117 401 176 443 non
200 383 274 444 luxu
297 383 350 444 sed
374 382 438 462 lege
463 389 579 464 tegunt,
602 385 776 461 meritisque
800 382 935 444 laborum

82 479 182 551 apost
204 470 333 552 palmam
355 472 483 552 palmata
505 474 598 553 venit3
622 472 730 532 decora
754 474 851 533 omnia
875 475 960 552 regni

117 560 305 622 accumulant
327 561 422 622 lasces
446 568 475 621 et
497 563 638 640 princeps
662 559 783 622 consule
808 564 924 623 crescit.

116 657 257 728 personat
280 668 351 728 ergo
373 657 458 710 tuum
482 649 576 731 caelo,
599 668 683 731 rure,
706 649 844 730 urhibuS,
867 651 956 711 undis

117 738 253 800 exultans
276 738 394 818 Europa
418 739 541 820 sophos,
565 739 643 819 quod
666 745 766 799 rector
787 739 921 821 haheriS‚

115 829 209 888 victor
233 830 285 907 qui
307 828 415 888 fueras,
462 828 571 910 lateor,
593 828 792 908 trepidaverat
815 828 912 910 orbis,

69 927 98 976 10
117 917 186 977 dum
209 935 270 977 non
293 918 338 976 vis
362 918 469 977 vicisse
492 917 548 978 tihi
570 919 722 996 nimioque
745 916 873 998 pudore,

115 1005 193 1085 quod
216 1023 343 1084 regnum
366 1023 513 1087 mereare,
537 1004 619 1066 doles
642 1007 780 1084 tristique
805 1007 924 1086 repulsa

115 1113 174 1154 non
197 1093 379 1154 moderanda
403 1094 499 1176 subis,
523 1113 598 1173 quae
623 1094 806 1155 defendenda
829 1098 950 1174 putasti.

160 1183 284 1244 Sederat
307 1189 409 1244 exerto
432 1182 568 1244 bellatrix
591 1190 712 1262 pectore
735 1181 840 1264 Roma,

116 1275 270 1332 cristatum
294 1273 402 1332 turrita
425 1279 526 1354 caput,
550 1274 599 1334 cui
621 1290 698 1352 pone
722 1272 823 1350 capaci

70 1370 97 1419 15
116 1361 230 1421 casside
254 1360 411 1440 prolapsus
435 1361 587 1441 perfundit
609 1368 693 1441 terga
715 1358 847 1438 capillus.

114 1449 256 1510 laetitiam
280 1467 406 1510 censura
429 1457 529 1511 manet
552 1457 708 1529 terrorque
732 1448 848 1528 pudore

115 1541 235 1619 crescit,
259 1545 289 1599 et
311 1541 404 1599 invita
427 1546 548 1618 superat
570 1541 679 1599 virtute
702 1545 850 1598 venustas.

116 1626 272 1688 ostricolor
294 1626 376 1706 pepli
397 1634 511 1709 textus,
535 1646 624 1706 quem
647 1626 736 1687 fibula
759 1633 838 1686 torto

115 1716 237 1777 mordax
261 1717 348 1777 dente
373 1716 462 1798 lorat3
485 1724 548 1777 tum
573 1716 713 1796 quicquid
736 1733 864 1776 mamma
886 1716 1017 1779 relundit

69 1814 97 1864 20
116 1807 268 1887 tegminis,
291 1805 347 1865 hoc
370 1805 470 1884 patulo
495 1804 646 1866 concludit
668 1823 784 1883 gemma
807 1823 937 1867 recessu.

114 1893 181 1954 hinc
205 1893 292 1955 lulcit
314 1893 422 1954 rutilus
446 1897 576 1973 spatioso
601 1895 703 1954 circite
726 1892 840 1954 laevum

115 1983 204 2044 umbo
228 1981 319 2064 latns3
343 1981 444 2042 videas
467 1983 516 2043 hic
540 2000 641 2043 crasso
665 1983 730 2043 fusa
752 1982 871 2044 metallo

115 2079 197 2132 antra
219 2070 319 2132 Rheae
343 2072 492 2151 fetamque
515 2071 632 2153 lupam,
656 2090 744 2151 quam
768 2073 851 2132 fauce
875 2079 987 2134 retecta

115 2159 242 2221 blandiri
266 2177 384 2239 quoque
409 2167 507 2221 terror
530 2168 606 2242 erat;
630 2179 807 2240 quamquam
831 2160 880 2221 illa
903 2180 1007 2222 vorare

71 2258 99 2306 25
116 2248 294 2328 Martigenas
318 2256 348 2310 et
370 2250 450 2328 picta
472 2251 570 2332 timet3
593 2268 663 2329 pars
686 2252 821 2329 proxima
844 2249 986 2329 Thybrim

114 2341 267 2419 exprimit;
289 2338 340 2398 hic
364 2337 462 2399 scabri
487 2340 571 2400 lusus
596 2338 650 2400 suh
674 2341 792 2418 pumice
815 2339 866 2398 tofi

114 2426 258 2505 proflabat
281 2426 432 2487 madidum
456 2447 510 2506 per
533 2436 652 2507 guttura
675 2428 777 2506 glauca
801 2444 954 2506 soporem3

113 2523 217 2594 pectus
241 2514 316 2594 palla
340 2519 427 2597 tegit,
451 2535 540 2596 quam
562 2523 684 2578 neverat
706 2516 759 2576 llia
783 2517 927 2594 coniunx,

114 2603 239 2683 liquenti
263 2622 338 2684 quae
362 2607 463 2666 iuncta
486 2613 551 2666 toro
574 2605 636 2666 vult
658 2623 811 2665 murmura
834 2602 962 2684 lymphis

69 2701 98 2752 30
114 2693 217 2754 tollere
241 2700 272 2754 et
294 2693 404 2754 undosi
428 2713 564 2755 somnum
589 2711 707 2754 servare
731 2695 838 2753 mariti.

114 2784 170 2842 ista
193 2785 305 2843 micant
328 2781 439 2864 clipeo;
463 2775 670 2863 cuspis‘trahe
696 2785 790 2861 surgit
814 2780 941 2861 eburna,

116 2870 196 2931 chria
220 2871 310 2932 caede
334 2873 439 2932 virum.
480 2880 603 2952 propter
626 2871 746 2931 Bellona
769 2870 945 2949 trophaeum

115 2962 241 3020 exstruit
264 2968 294 3021 et
317 2979 461 3039 quercum
485 2963 599 3041 captivo
622 2960 753 3040 pondere
777 2965 887 3020 curvat.

118 3051 271 3127 consurgit
297 3049 404 3109 solium
429 3052 520 3131 saxis,
545 3067 618 3129 quae
643 3068 727 3110 caesa
751 3048 871 3109 rubenti

69 3144 98 3192 35
115 3137 289 3217 Aethiopum
314 3138 350 3198 de
374 3145 473 3199 monte
497 3139 618 3219 cadunt,
642 3138 694 3198 uhi
717 3137 778 3198 sole
801 3140 968 3218 propinquo
1055 3177 1058 3183 ·

115 3228 211 3286 nativa
235 3234 353 3287 exustas
377 3227 487 3287 alilavit
509 3245 641 3306 purpura
664 3246 763 3307 rupes.

117 3315 250 3393 iungitur
272 3317 321 3376 hic
345 3315 473 3397 Synnas,
496 3315 661 3376 Nomadum
680 3315 754 3396 lapis
778 3316 897 3377 additur
920 3317 995 3395 istic,

101 3504 116 3552 6
135 3518 260 3558 crescens
279 3506 317 3558 M
327 3507 335 3573 ΙΙ
351 3509 383 3558 19
403 3505 479 3560 forat
501 3503 693 3576 Wilamowc'ta,
712 3507 795 3561 vorat
812 3505 918 3572 coddll

83 3595 242 3645 noctram
255 3605 290 3646 ad.
304 3604 331 3643 Μ
334 3606 391 3648 ohr.
861 3600 897 3649 Ἦ
