2392 3854
154 160 321 216 smourus
340 159 484 216 ooucuo
503 160 621 216 Paean
640 161 782 216 rsusro
803 161 980 217 smurnu.
1031 134 1100 226 215¹

86 311 235 384 sisslmum
258 309 426 393 multiplex,
450 329 517 372 acre
542 310 677 392 sublime,
705 311 853 389 digestum
880 310 974 371 titulis
998 330 1096 371 exem-

87 399 200 478 plisque
224 407 410 480 congestum,
437 399 611 478 bipertitum
635 399 690 460 sub
714 399 823 478 dialogi
840 399 1013 480 schemate,
1041 400 1096 461 sub

88 506 241 549 causarum
264 489 392 549 themate
421 488 677 568 quadripertitum.
724 491 886 568 scripseras
911 495 1009 550 autem
1031 489 1096 567 plu·
1167 524 1172 536 ·

88 579 159 637 rima
182 577 321 637 ardenter
343 577 428 656 plura
450 594 603 658 pompose,
627 577 803 657 simpliciter
825 579 882 638 ista
900 596 956 638 nec
975 581 1096 659 rustice,

68 672 185 744 ⁴argute
208 664 259 726 illa
286 684 342 726 nec
370 665 487 746 callide,
520 669 619 745 gravia
646 675 761 727 mature
784 666 932 746 profunda
960 666 1096 748 sollicite,
1123 684 1136 724 s

86 753 171 815 dubia
189 761 360 815 constanter
379 763 587 834 argumentosa
606 755 810 836 disputatorie,
830 755 973 834 quaedam
993 774 1094 817 severe

86 845 238 921 quaepiam
256 842 372 924 blande,
396 851 501 904 cuncta
520 843 673 904 moraliter
691 843 775 918 lecte,
799 851 937 923 potenter
953 844 1095 924 eloquen-

87 934 205 993 tissime.
253 931 302 993 11.
331 934 430 1011 itaque
462 951 517 1012 per
546 940 627 993 tanta
659 940 688 993 te
721 941 830 1011 genera
861 934 1003 994 narrandi
1032 940 1095 994 toto

88 1018 241 1081 latissimae
265 1020 434 1082 dictationis
458 1041 562 1102 campo
591 1029 711 1082 secutus
735 1021 777 1081 nil
801 1024 832 1082 in
856 1022 993 1083 facundia
1017 1030 1096 1083 cete·

87 1125 193 1190 rorum,
215 1109 259 1170 nil
281 1112 313 1170 in
336 1112 464 1189 ingeniis
488 1109 573 1172 facile
591 1113 731 1190 perspexi
750 1113 831 1170 iuxta
849 1111 983 1189 politum.
1021 1130 1096 1191 quae
1111 1127 1138 1168 1o

88 1215 128 1258 me
151 1217 221 1259 vera
245 1201 356 1260 sentire
385 1202 457 1260 satis
485 1199 644 1279 approbas,
677 1217 745 1259 cum
772 1217 828 1260 nec
856 1201 987 1260 ollensus
1011 1199 1097 1260 aliter

89 1287 189 1355 iudico.
235 1286 364 1367 denique
388 1288 519 1349 absentis
543 1291 646 1367 oratio,
675 1295 817 1366 quantum
841 1290 1005 1368 opinamur,
1028 1287 1096 1367 plus

90 1379 185 1454 nequit
208 1379 355 1458 crescere,
382 1379 442 1437 nisi
465 1378 590 1437 forsitan
614 1376 725 1455 aliquid
748 1378 795 1437 his
820 1376 907 1436 addat
930 1395 1030 1437 coram
1054 1377 1096 1437 lo·

91 1467 200 1541 quentis
215 1468 346 1526 auctoris
360 1484 415 1526 vox
430 1485 543 1547 manus,
563 1472 660 1540 motus
674 1464 771 1544 pudor
784 1466 898 1525 artifex.
938 1463 987 1526 12.
1003 1467 1095 1544 igitur

53 1588 56 1592 -
90 1549 130 1612 his
152 1556 243 1614 animi
269 1553 499 1634 litterarumque
522 1554 640 1615 dotibus
668 1554 821 1633 praeditus
850 1553 1006 1614 mulierem
1028 1555 1094 1633 pul·
1110 1571 1136 1613 15

91 1640 191 1724 ohram,
219 1642 272 1704 sed
296 1641 377 1703 illam
400 1644 624 1705 deuteronomio
649 1642 826 1723 astipulante
849 1642 1020 1724 nubentem,
1044 1643 1095 1704 do-

92 1731 162 1792 mine
177 1750 261 1813 papa,
280 1731 336 1792 tihi
349 1735 470 1814 iugasti3
490 1751 578 1812 quam
592 1739 625 1792 tu
640 1732 735 1792 adhuc
749 1733 864 1792 iuvenis
878 1734 957 1792 inter
970 1732 1096 1793 hostiles

51 1832 56 1843 ·
92 1823 269 1900 conspicatus
293 1828 439 1902 catervaS,
467 1829 555 1899 atque
582 1820 643 1901 illic
666 1823 698 1881 in
722 1823 784 1881 acie
813 1823 979 1882 contrariae
1002 1824 1096 1901 partis

94 1905 253 1991 adamatam,
276 1909 319 1970 nil
337 1928 391 1988 per
410 1910 562 1971 obstantes
576 1909 714 1989 repulsus
728 1909 931 1991 proeliatores
952 1911 1094 1972 desiderii

94 1990 201 2059 brachio
225 2001 363 2059 vincente
386 2000 520 2080 rapuisti,
543 1997 760 2078 philosophiam
784 1998 906 2080 scilicet,
935 2019 1009 2079 quae
1033 2002 1095 2060 vio·
1109 2017 1137 2057 co

95 2079 176 2147 lenter
199 2106 215 2148 e
238 2106 363 2149 numero
388 2087 599 2167 sacrilegarum
620 2091 728 2149 artium
747 2095 882 2167 exempta
901 2106 969 2148 raso
988 2088 1094 2166 capillo

97 2176 248 2250 superfluae
272 2176 426 2255 religionis
451 2195 485 2237 ac
508 2175 667 2256 supercilio
688 2178 828 2237 scientiae
853 2175 1014 2237 saecularis
1033 2196 1095 2236 am·

97 2266 251 2344 putatisque
274 2273 513 2344 pervetustarum
535 2267 662 2326 vestium
686 2269 777 2346 rugis,
800 2266 831 2325 id
854 2272 900 2325 est
917 2261 1013 2326 tristis
1033 2265 1094 2325 dia·

98 2342 202 2414 lecticae
225 2353 353 2414 flexibus
377 2353 449 2415 falsa
467 2373 584 2415 morum
603 2362 633 2416 et
651 2355 754 2415 illicita
772 2353 946 2435 velantibus,
969 2357 1094 2433 mystico

100 2440 218 2517 amplexu
232 2444 292 2503 iam
311 2443 460 2504 defaecata
477 2451 577 2504 tecum
595 2444 728 2505 membra
747 2445 909 2504 coniunxit.
948 2440 997 2503 13.
1021 2443 1094 2504 haec
1109 2459 1135 2501 aa

99 2520 226 2592 ohannis
249 2539 347 2592 vestra
379 2534 439 2592 iam
466 2531 578 2593 dudum
605 2533 767 2612 pedisequa
798 2530 989 2611 primoribus,
1021 2531 1095 2593 haec

101 2616 140 2672 llo
159 2617 242 2681 lateri
265 2638 365 2681 comes
388 2620 605 2702 inseparabilis,
629 2625 690 2681 sive
714 2623 745 2679 in
768 2618 924 2699 palaestris
943 2622 1093 2680 exerceris
1135 2613 1139 2622 ’

101 2700 204 2770 urbams'
237 2712 298 2770 sive
331 2711 363 2769 in
395 2709 541 2771 abstrusis
578 2727 728 2770 macerare
761 2707 984 2788 solitudinibus,
1020 2708 1094 2769 haec

101 2783 223 2859 Athenaei
250 2817 386 2880 consors,
418 2799 490 2859 haec
517 2801 703 2879 monasterii,
721 2805 833 2858 tecum
856 2796 1020 2858 mundanas
1043 2798 1093 2859 ab·

101 2870 171 2964 dicat,
190 2894 290 2948 tecum
313 2906 457 2967 supernas
480 2887 631 2966 praedicat
653 2886 834 2966 disciplinas.
880 2886 949 2947 huic
973 2887 1092 2966 copula·
1106 2906 1134 2945 ao

101 2965 151 3028 llffl
167 2980 194 3035 te
211 2978 400 3037 matrimonio
416 2979 468 3055 quii
487 2976 680 3056 lacessiverit,
699 2979 807 3036 sentiet
825 2975 967 3036 ecclesiae
983 2975 1095 3038 Christi

78 3044 212 3124 -Platonis
235 3064 424 3126 Academiam
450 3066 578 3141 militare
605 3072 694 3145 teque
722 3064 851 3125 nobilius
877 3064 1094 3147 philosophari3

160 3234 281 3290 ltitulis
305 3236 495 3304 exemplisque
519 3238 684 3305 congestum
707 3253 757 3290 om.
778 3235 801 3291 0
825 3237 834 3306 ll
861 3242 878 3290 4
897 3236 1002 3291 rustice
1019 3242 1051 3291 ut
1068 3254 1094 3292 o.

101 3303 156 3354 “stt
169 3304 223 3374 M1,
241 3324 290 3362 om.
309 3307 395 3363 OPF
407 3313 446 3375 119
466 3306 665 3362 dissectionis
686 3310 728 3374 (ut
745 3325 770 3362 o.
789 3324 857 3363 corr.
877 3325 911 3363 ec
930 3306 1094 3361 dictationis

102 3356 191 3444 din,
208 3377 359 3432 creationis
379 3379 439 3433 PF
456 3382 465 3445 ιι
485 3385 518 3433 ιο
536 3379 566 3431 in
584 3385 647 3433 aare
665 3377 788 3448 ingeniis
807 3395 827 3433 s.
847 3380 864 3434 r.
884 3380 948 3435 aaa.
968 3378 1023 3446 rr,
1042 3395 1093 3435 om.

104 3428 149 3509 ‚01¹⁷
161 3446 165 3512 Ι
178 3447 258 3503 facile
276 3467 297 3505 e.
318 3451 335 3505 l.
355 3452 419 3506 add.
435 3450 481 3503 Μ1
495 3452 504 3518 ΙΙ
519 3454 552 3503 14
570 3449 615 3502 his
633 3448 721 3519 igitur
741 3449 764 3504 G
774 3452 784 3519 ΙΙ
798 3455 831 3504 28
850 3465 992 3505 macerare
1012 3453 1093 3517 (corr.

102 3513 128 3556 ”l
142 3526 271 3576 macerere
291 3522 327 3575 M
331 3521 441 3590 ⁹P¹)M
445 3522 504 3593 GP,
522 3537 666 3578 macerare
688 3520 743 3594 Fit
