2392 3854
137 148 180 212 74
487 147 596 202 LIBER
616 145 794 213 QUARTUS.

135 316 244 358 munus
272 299 462 376 potissimum
491 299 570 377 cepi,
602 303 635 358 ut
662 315 745 358 meae
769 296 845 357 lama
873 314 1035 378 personae,
1062 316 1156 376 quam

136 404 243 465 operae
271 388 401 465 pretium
428 404 488 447 non
517 392 580 446 erat
614 385 758 446 librorum
787 403 911 446 suorum
938 385 1033 447 titulis
1062 385 1155 448 incla-

136 493 269 557 rescere,
298 482 419 536 tuorum
445 475 590 536 beneficio
619 482 855 554 perpetuaretur.
902 482 933 535 at
956 475 1050 557 quod,
1077 475 1154 538 deus

136 582 251 646 magne,
270 572 473 643 quantumque
493 582 568 643 opus
587 563 659 624 illud
679 573 733 644 est,
756 566 881 624 materia
900 564 1036 625 clausum
1055 564 1155 626 decla·

108 656 264 715 amatione
289 655 492 735 conspicuum,
515 655 719 732 propositione
739 652 927 714 obstructum
950 653 1154 732 disputatione

134 750 313 823 reseratum,
346 749 375 802 et
405 760 584 822 quamquam
611 749 734 822 propter
765 742 881 802 hamata
910 741 1153 822 syllogismorum

133 839 244 911 puncta
266 830 455 912 tribulosum,
478 833 630 892 vernantis
648 839 748 892 tamen
767 831 878 911 eloquii
896 831 970 892 flore
990 831 1153 894 mollitum!

135 918 163 982 3.
187 938 262 980 nova
280 919 324 980 ibi
340 918 440 1001 verba,
464 922 532 999 quia
551 927 676 1002 vetusta,
700 920 867 999 quibusque
886 919 1024 982 conlatus
1043 924 1153 984 merito

134 1012 224 1070 etiam
242 1010 428 1088 antiquarum
457 1009 624 1070 litterarum
652 1010 738 1070 stilus
761 1011 980 1091 antiquaretur3
1010 1011 1152 1091 quodque

94 1120 120 1158 10
133 1100 308 1179 pretiosius,
336 1105 398 1159 tota
422 1098 471 1160 illa
494 1099 585 1159 dictio
609 1101 652 1159 sic
676 1101 853 1159 caesuratim
877 1100 1044 1180 succincta,
1072 1100 1153 1180 quod

132 1187 297 1269 prossuens3
312 1206 401 1266 quam
410 1187 500 1249 rebus
513 1187 640 1266 amplam
655 1190 848 1266 strictamque
864 1189 1024 1249 sententiis
1039 1192 1153 1250 sentias

132 1277 200 1356 plus
227 1277 335 1338 docere
364 1295 452 1356 quam
481 1277 588 1337 dicere.
626 1277 756 1357 denique
780 1284 810 1337 et
833 1276 996 1358 quondam,
1025 1296 1083 1338 nec
1107 1281 1152 1339 in-

132 1369 222 1447 iuria,
250 1367 322 1427 haec
349 1366 522 1445 principalis
546 1365 683 1426 facundia
707 1364 944 1446 computabatur,
973 1368 1024 1427 cui
1047 1369 1152 1446 paucis

133 1455 226 1516 multa
253 1455 403 1516 cohibenti
431 1473 519 1516 curae
548 1455 603 1515 luit
630 1473 750 1516 causam
776 1456 877 1534 potius
905 1454 1032 1534 implere
1062 1475 1154 1535 quam

93 1561 119 1602 ra
132 1547 279 1625 paginam.
325 1541 355 1604 4.
379 1551 409 1605 at
435 1562 505 1604 vero
533 1546 565 1604 in
593 1542 678 1604 libris
705 1546 766 1604 tuis
794 1545 853 1604 iam
881 1543 955 1605 illud
983 1544 1072 1623 quale
1097 1552 1152 1626 est,

133 1634 212 1712 quod
236 1640 266 1693 et
283 1633 516 1694 teneritudinem
535 1651 713 1713 quamquam
732 1635 903 1694 continuata
921 1635 1081 1695 maturitas
1101 1634 1152 1696 ad·

133 1724 224 1783 mittit
250 1724 462 1800 interseritque
490 1724 695 1800 tempestivam
724 1740 850 1783 censura
880 1721 1086 1805 dulcedinem,
1118 1731 1153 1785 ui

132 1811 253 1872 lectoris
290 1813 486 1870 intentionem
518 1828 572 1888 per
605 1811 762 1872 eventilata
794 1811 1022 1890 disciplinarum
1054 1812 1153 1892 philo·

133 1900 253 1978 sophiae
281 1898 415 1959 membra
444 1898 582 1958 lassatam
609 1908 732 1978 repente
760 1900 945 1979 voluptuosis
974 1901 1152 1963 excessibus

93 1990 219 2068 aequasi
237 1987 415 2066 quibusdam
433 1986 530 2066 pelagi
545 1989 592 2048 sui
610 1988 748 2067 portibus
767 1986 887 2050 foveat?
920 2007 936 2049 o
955 1989 1035 2051 liber
1048 1990 1152 2052 multi·

132 2079 236 2138 sariam
258 2075 382 2158 pollens,
406 2095 423 2136 o
447 2076 599 2155 eloquium
621 2094 682 2137 non
706 2078 792 2138 exilis
816 2079 868 2139 sed
888 2077 1007 2140 subtilis
1026 2082 1151 2161 ingenii,

132 2167 210 2246 quod
242 2185 299 2227 nec
328 2184 383 2246 per
414 2167 626 2244 scaturrigines
654 2166 860 2246 hyperbolicas
890 2170 1066 2229 intumescit
1094 2187 1150 2230 neo

131 2275 185 2336 per
208 2258 389 2335 tapinomata
407 2255 549 2334 depressa
567 2254 720 2317 tenuatur!
758 2253 787 2318 5.
808 2257 843 2317 ad
862 2256 919 2318 hoc
937 2258 1026 2318 unica
1046 2259 1148 2338 singu-

131 2346 261 2425 larisque
285 2345 421 2405 doctrina
444 2351 474 2405 et
496 2346 528 2404 in
552 2344 737 2406 diversarum
755 2364 856 2407 rerum
875 2348 1042 2407 assertione
1062 2365 1147 2407 mon·

92 2450 117 2491 as
132 2434 277 2515 strabilis,
305 2436 354 2495 cui
381 2435 473 2494 moris
502 2440 547 2494 est
574 2434 611 2495 de
640 2434 765 2512 singulis
792 2434 904 2495 artibus
928 2454 998 2496 cum
1022 2435 1148 2514 singulis

131 2523 296 2585 artificibus
328 2522 544 2604 philosophari,
575 2541 724 2604 quaeque,
759 2526 785 2584 si
812 2524 875 2589 fors
904 2526 1010 2604 exigit,
1042 2532 1147 2585 tenere

131 2631 191 2674 non
210 2613 313 2674 abnuit
331 2631 401 2674 cum
419 2611 537 2690 Orpheo
556 2610 703 2691 plectrum
723 2631 791 2673 cum
804 2612 980 2693 Aesculapio
999 2612 1148 2694 baculum,

132 2721 200 2762 cum
222 2702 399 2763 Archimede
426 2700 544 2762 radium
572 2719 640 2761 cum
663 2699 814 2780 Euphrate
837 2703 1051 2783 horoscopum,
1080 2720 1147 2764 cum

130 2790 254 2851 Perdice
287 2793 433 2852 circinum
465 2808 533 2851 cum
564 2789 698 2850 Vitruvio
730 2791 977 2870 perpendiculum
1011 2809 1146 2871 quaeque

90 2894 292 2957 ennumquam
315 2881 494 2958 investigare
513 2879 664 2940 destiterit
682 2897 751 2939 cum
769 2879 892 2941 Thalete
910 2887 1054 2961 tempora,
1079 2898 1146 2942 cum

130 2967 246 3027 Atlante
266 2967 373 3048 sidera,
392 2985 460 3028 cum
475 2967 545 3028 Zeto
564 2967 705 3049 pondera,
725 2987 794 3030 cum
809 2968 974 3048 Chrysippo
993 2988 1146 3050 numeros,

130 3074 197 3116 cum
225 3055 347 3117 Euclide
375 3074 541 3117 mensuras.
587 3054 617 3119 6.
646 3056 683 3118 ad
711 3065 878 3119 extremum
909 3076 997 3118 nemo
1026 3059 1146 3121 saeculo

130 3163 196 3205 meo
221 3163 296 3224 quae
328 3144 418 3221 voluit
441 3145 589 3206 affirmare
613 3147 656 3206 sic
679 3145 783 3228 valuit3
812 3147 960 3226 siquidem
983 3146 1055 3208 dum
1080 3165 1146 3209 sese

203 3304 236 3353 15
255 3299 300 3353 est
316 3314 367 3354 om.
382 3298 409 3353 L
431 3301 441 3366 ΙΙ
470 3306 502 3355 16
522 3315 664 3368 quaquam
683 3300 723 3368 L,
750 3299 914 3369 quampiam
936 3300 1121 3358 Wllamoeea'tz
1135 3300 1147 3373 ΙΙ

130 3376 165 3424 20
183 3370 321 3439 portubus
338 3369 444 3438 CPFl
458 3375 492 3426 26
511 3372 608 3426 tenere
621 3369 761 3440 plectrum
774 3388 832 3425 non
845 3371 946 3426 abnuit
960 3389 1025 3426 cum
1039 3372 1145 3442 orpheo

129 3440 263 3495 baculum
281 3458 345 3496 cum
363 3440 507 3511 esculapio
523 3442 567 3513 Ol
580 3447 614 3496 28
633 3443 820 3512 horoscopum
834 3443 861 3496 L
879 3449 904 3498 et
916 3448 998 3509 (coar.
1013 3446 1046 3499 in
1063 3443 1146 3498 horo·

117 3511 250 3578 seopium
269 3513 372 3584 N²)N,
392 3511 595 3586 horoscopium
613 3514 678 3570 MT
684 3514 728 3584 Ol
