2414 3864
131 136 298 193 smomos
316 136 504 193 conluuio
524 136 593 193 suo
613 113 790 195 sanorum.
903 138 968 203 227

234 286 300 347 date
325 288 486 347 carminata
509 305 606 368 socco,

234 375 299 435 date
323 375 401 436 dicta
424 375 478 436 sub
503 383 637 457 coturno,

233 464 299 524 date
324 465 465 544 quicquid
489 465 630 545 advocati,

179 564 212 614 85
232 553 299 613 date
323 554 464 633 quiequid
489 560 518 614 et
540 560 644 633 poetae

231 644 312 702 vario
336 649 474 722 strepunt
496 645 528 702 in
551 649 631 702 actu:

230 730 337 792 Petrus
359 731 432 792 haec
456 738 486 792 et
509 730 559 791 illa
581 732 696 791 transit.

232 838 306 899 opus
330 819 444 880 editum
466 827 613 900 tenemus,

231 908 358 968 bimetra
381 909 460 988 quod
483 916 545 969 arte
568 916 673 968 texens

178 1010 212 1059 90
232 1000 289 1058 iter
312 1015 451 1077 asperum
474 1000 595 1077 viasque

232 1086 443 1166 labyrinthicas
466 1089 607 1147 cucurrit.

232 1176 283 1236 sed
307 1178 339 1235 in
362 1175 499 1236 omnibus
521 1174 659 1235 laborans

231 1272 261 1325 et
283 1263 319 1323 ab
343 1263 480 1325 omnibus
502 1263 644 1343 probatus

229 1355 307 1431 rapit
328 1352 399 1414 hinc
423 1352 544 1414 atinde
567 1352 703 1434 palmam,

176 1453 210 1501 95
229 1460 283 1521 per
306 1449 336 1501 et
360 1460 410 1502 ora
434 1442 520 1502 docta
543 1442 646 1502 fertur.

228 1531 332 1610 procul
354 1531 425 1592 hinc
449 1537 479 1591 et
500 1530 711 1609 Hippocrenen

228 1620 483 1699 Aganippicosque
506 1620 603 1679 fontes

229 1715 259 1769 et
281 1708 446 1787 Apollinem
469 1726 611 1768 canorum

230 1796 440 1858 comitantibus
464 1796 601 1857 Camenis

160 1897 209 1947 100
229 1886 381 1965 abigamus
405 1894 435 1947 et
456 1885 618 1947 Minervam

229 1977 314 2054 quasi
336 1975 504 2054 praesulem
526 1973 666 2056 canendi3

228 2072 376 2125 removete
400 2066 468 2125 licta
491 2064 566 2124 fatu:

229 2152 302 2213 deus
315 2155 383 2213 'ista
405 2160 536 2232 praestat
558 2171 644 2213 unus

273 2295 393 2374 Stupuit
415 2296 512 2355 virum
535 2293 707 2373 loquentem

159 2395 208 2446 105
229 2384 402 2444 diadematis
425 2390 565 2464 potestas,

227 2481 303 2553 toga,
326 2472 421 2553 miles,
444 2473 516 2533 ordo
540 2479 679 2551 equester

225 2561 411 2642 populusque
434 2560 615 2640 Romularis3

227 2658 256 2711 et
279 2651 374 2712 adhuc
398 2650 506 2730 sophos
530 2648 661 2709 volutant

226 2739 290 2800 lora
312 2738 431 2821 templa,
453 2757 524 2800 rura
547 2746 652 2799 eastra.

159 2841 208 2889 110
228 2847 319 2907 super
341 2828 414 2890 haec
437 2829 586 2906 fragorem
609 2825 726 2887 alumno

224 2916 322 2978 Padus
344 2925 431 2997 atque
455 2919 606 2978 civitatum

226 3005 276 3066 dat
298 3025 381 3067 amor
403 3006 628 3085 Ligusticarum.

226 3095 331 3155 similis
354 3096 436 3156 favor
459 3095 584 3156 resultat

224 3182 437 3245 Rhodanitidas
459 3202 514 3264 per
536 3183 635 3264 urbes,

156 3284 205 3334 115
225 3273 447 3353 imitabiturque
471 3270 569 3332 Gallos

225 3362 326 3423 feritas
348 3361 565 3423 Hibericorum.

80 3503 220 3555 lul-109
239 3515 289 3554 om.
307 3498 350 3568 Oli
