2414 3864
280 133 449 190 smomus
469 132 582 189 cucur
602 133 670 189 suo
691 133 871 191 saturum.
1002 221 1006 227 ι
1040 134 1083 201 99
1168 207 1173 216 ,

50 283 121 343 sed
145 303 202 346 non
225 287 326 345 minus
349 283 438 363 digna
457 303 545 363 quam
563 284 685 345 faceres.
715 303 842 363 namque
863 292 892 345 et
911 287 1084 367 antiquitus,

50 388 138 432 cum
163 373 253 434 Gaius
279 373 435 434 Cornelius
464 372 535 433 Gaio
560 372 696 434 Secundo
723 376 805 452 paria
834 376 990 455 suasisset,
1017 378 1082 454 ipse

48 463 255 536 postmodum
279 461 357 542 quod
377 463 507 522 iniunxit
526 465 661 542 arripuit,
684 463 773 542 idque
794 462 829 522 ab
849 463 984 542 exemplo
1003 483 1083 526 nunc
1130 464 1139 487 '

48 564 109 608 me
142 552 248 613 melius
278 552 462 631 aggrederis,
495 554 564 629 qnia
595 558 624 611 et
652 570 706 630 ego
734 551 829 612 Plinio
857 559 891 612 ut
918 553 1082 632 discipulus

49 653 189 721 assurgo
209 649 239 702 et
257 647 291 702 tu
309 647 425 701 vetusto
444 658 554 718 genere
573 641 713 701 narrandi
732 643 797 702 iure
812 640 984 702 Cornelium
1000 650 1081 702 ante·
1109 659 1122 700 s

49 733 164 810 venis,
192 733 243 809 qui
272 728 390 791 saeculo
417 737 520 790 nostro
551 731 576 789 si
600 732 792 790 revivisceret
820 738 909 808 teque
934 729 1029 810 qualis
1050 734 1083 792 in

50 811 176 879 litteris
208 827 239 880 et
273 825 400 898 quantus
432 817 561 878 habeare
594 821 830 900 conspicaretur,
846 834 848 840 ·
862 819 950 880 modo
982 822 1081 881 verius

52 900 186 969 Tacitus
215 915 302 969 esset.
349 905 377 968 3.
401 909 501 986 itaque
529 914 562 968 tu
589 907 698 967 molem
725 908 865 969 thematis
892 911 978 969 missi
1001 917 1082 970 recte

53 1000 208 1077 capessis,
232 999 281 1058 cui
303 1003 422 1076 praeter
446 995 646 1075 eloquentiam
670 997 851 1076 singularem
871 1001 1013 1058 scientiae
1037 1000 1081 1058 in-

54 1090 163 1156 gentis
182 1105 288 1165 magna
307 1088 501 1164 oportunitas.
535 1086 643 1146 cotidie
662 1104 790 1164 namque
808 1105 863 1165 per
881 1089 1082 1165 potentissimi
1097 1104 1122 1144 10

55 1175 189 1236 consilia
217 1177 297 1254 regis
324 1177 416 1235 totius
440 1174 585 1235 sollicitus
608 1175 689 1235 orbis
712 1178 825 1254 pariter
849 1175 940 1253 [eius]
964 1179 1082 1255 negotia

57 1265 86 1318 tt
124 1268 202 1346 iura,
233 1264 352 1325 foedera
384 1271 414 1324 et
440 1263 530 1344 bella,
563 1263 625 1324 loca
657 1266 751 1343 spatia
783 1267 889 1324 merita
918 1268 1081 1343 cognoscis

56 1353 145 1414 unde
169 1356 236 1432 quis
255 1355 364 1414 iustius
384 1371 449 1413 sese
469 1352 504 1413 ad
524 1356 582 1413 ista
601 1355 783 1413 succinxerit
802 1371 890 1432 quam
909 1352 969 1434 ille,
993 1373 1081 1432 quem

58 1450 181 1503 constat
205 1443 338 1522 gentium
361 1448 460 1501 motus
484 1441 664 1520 legationum
683 1443 849 1523 varietates,
873 1442 948 1502 facta
972 1441 1081 1502 ducum

58 1538 152 1602 pacta
173 1539 364 1611 regnantum,
392 1538 453 1591 tota
482 1529 610 1609 denique
633 1530 819 1609 publicarum
842 1550 943 1591 rerum
967 1539 1081 1592 secreta
1096 1549 1121 1589 15

59 1613 220 1700 didicisse,
253 1622 363 1699 quique
391 1622 554 1698 praestanti
581 1622 695 1698 positus
727 1622 758 1679 in
787 1619 915 1680 culmine
943 1638 1003 1681 non
1030 1640 1082 1681 ue-

60 1720 151 1768 cesse
181 1709 271 1770 habet
297 1709 344 1768 vel
372 1710 558 1787 supprimere
586 1727 689 1768 verum
716 1708 762 1769 vel
785 1711 969 1769 'concinnare
998 1728 1081 1770 men-

61 1791 206 1858 dacium?
251 1799 281 1859 4.
306 1804 335 1858 at
357 1804 459 1857 nostra
486 1797 573 1876 longe
597 1796 732 1858 condicio
755 1798 869 1879 dispar,
897 1797 1006 1878 quibus
1030 1799 1081 1859 do-

61 1878 128 1944 lori
154 1889 351 1966 peregrinatio
380 1904 453 1946 nova
477 1905 532 1946 nec
560 1889 628 1947 usui
651 1886 739 1947 lectio
763 1894 861 1968 vetus,
888 1895 952 1947 tum
976 1887 1080 1968 religio
1125 1937 1128 1944 .

63 1975 243 2046 professioni
263 1984 316 2057 est,
338 1975 490 2035 humilitas
510 1977 662 2056 appetitui,
685 1976 876 2037 mediocritas
896 1977 1079 2058 obscuritati,
1094 1994 1120 2034 oo

67 2075 129 2120 nec
152 2067 180 2126 in
201 2063 409 2145 praesentibus
438 2066 482 2124 rei
505 2071 634 2145 tantum,
663 2067 859 2144 quantumin
884 2067 992 2126 futuris
1016 2069 1081 2146 spei

70 2143 206 2236 locatum,
233 2161 384 2233 postremo
412 2153 537 2231 languor
559 2153 772 2232 impedimento
801 2157 918 2234 iamque
942 2156 988 2215 vel
1012 2173 1079 2216 sero

10 2278 12 2285 ·
74 2249 188 2317 propter
200 2245 281 2304 bunc
296 2245 395 2322 ipsum
409 2241 522 2302 desidia
538 2243 634 2324 cordi3
653 2262 799 2322 aequaeva
818 2251 898 2304 certe
916 2246 975 2303 iam
990 2262 1080 2322 super

10 2347 12 2386 :
79 2327 174 2393 studiis
195 2332 277 2394 nulla
296 2333 360 2392 laus
379 2350 476 2412 curae,
500 2331 552 2392 sed
571 2351 608 2391 ne
628 2341 764 2411 postuma
784 2332 913 2413 quidem.
946 2329 975 2394 5.
994 2351 1079 2411 prae-

10 2402 14 2479 l
81 2410 154 2489 cipue
175 2422 298 2501 gloriam
321 2420 408 2481 nobis
427 2439 547 2499 parvam
567 2421 603 2481 ab
621 2421 746 2482 historia
764 2429 868 2501 petere
887 2423 987 2502 fixmn,
1011 2424 1079 2499 quia
1094 2438 1119 2479 as

82 2513 128 2572 Pir
152 2507 285 2571 homines
317 2509 463 2570 clericalis
496 2509 586 2569 oflicii
617 2513 774 2571 temerarie
807 2519 908 2571 nostra
936 2513 1079 2571 iactanter

85 2582 169 2679 aliena,
191 2601 351 2679 praeterita
370 2600 554 2659 infructuose
572 2602 741 2678 praesentia
760 2599 932 2680 semiplene,
950 2601 1079 2678 turpiter

86 2669 142 2741 falsa
161 2689 326 2767 periculose
349 2706 418 2748 vera
441 2687 589 2749 dicuntur.
622 2696 668 2749 est
691 2691 771 2749 enim
789 2689 961 2749 huiusmodi
979 2689 1078 2749 thema

86 2762 120 2823 lfl
143 2791 224 2860 opus,
253 2780 285 2839 in
314 2795 372 2857 quo
400 2776 547 2837 bonorum
571 2780 596 2838 si
624 2779 714 2838 facias
740 2779 935 2858 mentionem,
963 2778 1079 2839 modica

87 2862 161 2924 gratia
181 2874 309 2947 paratur,
334 2867 360 2925 si
383 2865 567 2946 notabilium,
589 2885 726 2927 maxuma
750 2868 869 2927 offensa.
912 2869 955 2927 sic
977 2884 1009 2926 se
1028 2867 1119 2927 illeso

86 2951 199 3016 Protinus
223 2957 347 3016 dictioni
370 2954 451 3016 color
475 2955 606 3034 odorque
631 2958 768 3016 satiricus
792 2956 943 3016 admiscet.
988 2955 1078 3037 ilicet,

141 3142 156 3191 4
171 3161 213 3198 me
232 3145 266 3199 N
267 3145 304 3199 M
308 3145 334 3198 T
340 3144 368 3212 0,
386 3161 436 3200 oct.
455 3145 482 3198 L
498 3147 502 3212 Ι
519 3143 693 3213 aggredieris
712 3145 894 3200 Wilamowc'tz
910 3147 914 3207 f
931 3145 996 3216 ego]
1016 3143 1076 3214 ipse

89 3192 159 3273 flu
177 3217 233 3270 eius
253 3215 354 3285 LMO,
374 3232 424 3270 om.
443 3216 476 3270 N
492 3216 603 3284 aliique,
622 3217 651 3269 et
670 3216 717 3285 ΤΙΙ
732 3220 764 3268 18
784 3215 886 3283 quibus
905 3216 932 3269 L
950 3223 975 3271 et
995 3220 1075 3284 (corr.
1139 3220 1141 3224 '

87 3280 111 3319 ”i
124 3281 162 3336 fui
178 3286 281 3356 N¹)N,
305 3285 350 3340 cui
369 3286 461 3342 MOT
486 3291 495 3354 ΙΙ
524 3291 556 3339 19
576 3288 657 3340 retus
681 3288 742 3340 tum
760 3286 799 3354 L,
823 3288 1016 3341 vetustatum
1035 3287 1077 3353 (ta,

10 3364 14 3427 ¹,
86 3342 202 3413 uim
222 3359 276 3426 N¹,
298 3360 359 3412 tum
382 3360 446 3413 item
464 3358 655 3427 M¹)NMOT
679 3361 689 3427 ΙΙ
716 3362 751 3411 20
770 3360 814 3412 est
835 3356 1004 3427 professioni
1025 3357 1048 3411 0
1070 3358 1072 3428 l

10 3432 13 3501 f
87 3416 243 3500 interamnis
258 3430 286 3484 L
300 3434 309 3497 l
323 3437 356 3484 29
375 3429 422 3482 vel
436 3446 505 3498 opus
520 3431 580 3485 secl.
595 3429 778 3486 Wilomowc'ts
791 3431 804 3500 ll
816 3436 850 3486 du
865 3428 980 3501 gratiul
988 3427 1087 3496 giumo,

10 3516 14 3607 p
89 3476 482 3571 innormatum

903 3596 949 3651 Ἰ*
