2414 3864
434 135 586 192 CARMEN
604 137 639 192 ll.
979 137 1045 203 253

112 294 164 348 aut
188 287 278 366 periit
301 288 345 347 sie
369 293 485 366 emptus
509 304 595 368 ager,
616 288 643 347 si
666 286 748 367 fallo,
771 286 918 365 prohasti,

112 376 253 436 Ventidio
276 382 402 436 mactate
426 375 528 455 Sapor.
574 394 630 436 neo
654 376 765 436 suflicit
787 374 881 436 istud:

113 465 272 525 Armenias
294 462 480 543 Pontumque
504 464 586 546 dedi,
610 482 668 544 quo
691 464 784 525 Marte
808 466 948 545 petitum,

115 553 196 614 dicat
219 551 297 632 Sylla
320 552 388 633 tihi3
412 553 512 613 forsan
535 571 596 612 non
620 553 752 613 creditur
776 555 840 613 uni:

66 655 96 702 ο
116 641 239 703 consule
262 640 427 702 Lucullum.
472 649 556 702 taceo
580 644 639 702 iam
662 641 802 722 Cycladas
826 660 943 702 omnes:

116 731 263 810 adquisita
286 748 353 791 meo
378 732 469 790 servit
491 730 547 790 tibi
570 730 657 791 Creta
680 729 806 791 Metello.

115 821 292 898 transcripsi
315 818 435 880 Cilicas:
458 819 513 879 hos
536 817 658 899 Magnus
681 819 799 880 fuderat
822 819 900 881 olim.

118 909 213 969 adieci
236 908 351 990 Syriae,
376 926 450 987 quos
473 925 553 969 nunc
576 908 741 969 moderaris
748 956 757 990 ,
780 909 914 970 Isauros:

116 998 172 1057 hos
195 1015 313 1076 quoque
338 995 393 1057 suh
416 998 528 1057 nostris
552 996 666 1058 domuit
689 996 831 1058 Servilius
855 1000 955 1058 armis.

71 1098 100 1146 5
118 1089 255 1146 concessi
277 1085 396 1146 Aetolos
419 1093 535 1146 veteres
558 1085 755 1165 Acheloiaque
779 1104 861 1167 arva,

117 1175 265 1235 transfudi
287 1173 446 1235 Attalicum
469 1174 544 1234 male
568 1174 688 1235 credula
711 1181 934 1256 testamentum,

117 1263 242 1343 Epirum
264 1265 390 1324 retines:
414 1272 447 1324 tu
470 1265 543 1344 scis,
567 1265 615 1324 cui
638 1263 744 1324 deheat
767 1262 847 1323 illam

116 1351 255 1432 Pyrrhus.
301 1354 334 1412 iu
356 1351 506 1432 Illyricum
529 1359 630 1432 specto
653 1359 683 1413 te
707 1354 825 1413 mittere
848 1354 914 1412 iura

118 1460 151 1503 ac
174 1440 321 1502 Macetum
344 1448 453 1502 terras:
478 1448 507 1501 et
529 1440 622 1502 hahes
645 1449 691 1522 tu,
713 1440 816 1521 Paule,
839 1446 971 1520 nepotes

66 1536 101 1592 '0
118 1530 243 1610 Aegypti
264 1530 413 1592 frumenta
437 1530 518 1590 dedi:
541 1530 616 1590 mihi
638 1532 751 1591 vicerat
772 1529 844 1590 olim

119 1618 275 1680 Leucadiis
298 1620 428 1699 Agrippa
451 1619 545 1679 fretis.
590 1619 697 1679 Iudaea
720 1626 839 1679 tenetur

121 1708 175 1768 suh
199 1707 316 1768 dicione
340 1714 406 1790 tua,
428 1715 578 1787 tamquam
601 1714 634 1768 tu
657 1710 776 1768 miseris
799 1706 870 1768 illuc

120 1799 267 1875 insignem
291 1815 358 1857 cum
381 1804 465 1876 patre
488 1796 597 1857 Titum.
643 1796 699 1857 tibi
721 1796 828 1877 Cypria
850 1813 967 1857 meroes

119 1886 229 1946 iertur:
251 1903 401 1964 pugnaces
425 1904 479 1964 ego
503 1904 615 1965 pauper
638 1885 724 1946 laudo
748 1885 883 1947 Catones.

66 1979 103 2034 it
121 1973 227 2034 Dorica
250 1981 279 2034 te
303 1973 391 2034 tellus
414 1981 444 2034 et
466 1975 591 2035 Achaica
615 1993 685 2036 rura
708 1977 898 2055 tremiscunt,

120 2063 218 2123 tendis
243 2069 273 2122 et
294 2064 326 2122 in
349 2062 494 2124 bimarem
517 2062 614 2123 felicia
637 2082 728 2143 regna
751 2063 928 2125 Corinthon:

120 2151 181 2230 die,
204 2151 383 2230 Byzantinus
406 2154 473 2231 quis
496 2170 561 2212 rem
583 2152 639 2213 tibi
660 2152 821 2214 Mummius
845 2148 927 2231 egit?

165 2240 224 2301 Sed
247 2242 274 2300 si
296 2240 372 2301 forte
395 2239 492 2319 placet
514 2247 631 2303 veteres
654 2244 753 2321 sopire
777 2240 927 2321 querelas,

119 2329 307 2390 Anthemium
331 2330 461 2390 concede
483 2330 565 2390 mihi.
612 2332 652 2390 sit
673 2330 808 2410 partibus
831 2332 897 2390 istis

66 2421 102 2480 30
119 2418 270 2496 Augustus
292 2416 472 2498 longumque
495 2418 569 2500 Leo,
592 2438 657 2479 mea
680 2421 745 2480 iura
769 2418 926 2499 gubernet,

121 2525 210 2586 quem
233 2509 322 2588 petii,
345 2510 442 2586 patrio
464 2510 569 2568 vestiri
590 2509 705 2568 murice
728 2515 826 2568 natam

120 2595 246 2674 gaudeat
267 2595 462 2675 Euphemiam
486 2597 568 2657 sidus
592 2594 686 2656 divale
709 2599 850 2674 parentis.

120 2684 205 2745 adice
227 2691 382 2764 praeterea
404 2688 551 2765 privatum
576 2686 611 2745 ad
634 2683 753 2764 puhlica
776 2684 893 2745 ioedns:

123 2775 162 2833 sit
186 2791 272 2834 socer
294 2773 444 2852 Augustus
468 2793 576 2854 genero
595 2774 744 2835 Ricimere
767 2774 885 2854 heatus;

66 2869 102 2923 85
121 2860 276 2922 nobilitate
299 2864 422 2923 micant:
447 2871 493 2924 est
515 2862 599 2923 vohis
622 2865 703 2941 regia
726 2865 823 2944 virgo,

122 2953 224 3030 regius
247 2950 296 3011 ille
319 2951 401 3012 mihi.
448 2955 475 3013 si
499 2970 623 3012 concors
647 2955 754 3012 annuis
778 2952 872 3032 istud,

120 3057 189 3100 mox
212 3039 335 3120 Lihyam
359 3059 479 3120 sperare
504 3040 595 3102 dahis.
642 3043 838 3121 circumspice
861 3040 964 3101 taedas

121 3130 271 3208 antiquas:
294 3148 348 3208 par
371 3129 451 3190 nulla
474 3129 530 3207 tibi
553 3133 597 3191 sic
620 3129 725 3210 copula
748 3138 867 3210 praesto
890 3137 944 3190 est.

122 3217 254 3296 prolerat
276 3219 326 3278 hic
348 3228 483 3280 veterum
505 3218 649 3280 thalamos
674 3219 847 3281 discrimine
869 3225 970 3299 partos

68 3313 103 3366 90
121 3305 257 3388 Graecia,
280 3308 312 3367 ni
335 3307 431 3386 pudor
454 3315 512 3368 est:
536 3311 682 3388 reparatis
705 3308 772 3369 Pisa
797 3309 948 3389 quadrigis

105 3499 154 3550 tro
173 3511 240 3550 rura
258 3513 315 3569 epo,
332 3495 396 3552 iure
414 3498 490 3554 codd.
505 3500 515 3570 ΙΙ
529 3502 581 3552 480
600 3497 680 3574 iure]
695 3513 787 3570 regua
805 3499 860 3569 Til
