2414 3864
103 157 166 224 186
450 157 560 211 LIBER
578 157 753 214 OCTAVUS.

260 307 329 368 hinc
351 306 439 367 bacas
463 309 592 386 quatiam
615 306 661 367 vel
683 307 753 368 hinc
777 305 954 388 corymbos?

260 403 293 456 tu
316 398 388 476 iam,
411 396 524 476 Tityre,
547 414 617 457 rura
640 403 709 475 post
731 403 851 476 recepta

260 493 373 564 myrtos
396 492 426 546 et
447 484 603 564 platanona
626 492 802 564 pervagatus

260 573 360 653 pulsas
383 573 521 634 barbiton
543 580 631 652 atquc
655 576 847 635 concinentes

204 676 237 725 15
261 681 313 723 ora
336 669 366 723 et
387 661 500 742 plectra
522 663 578 723 tibi
601 662 705 722 modos
727 663 886 745 resultant,

260 751 369 812 chorda
392 769 462 812 voce
486 759 580 811 metro
605 751 749 830 stupende
771 750 899 834 psaltes3

259 858 314 900 nos
337 842 406 901 istic
429 842 543 918 positos
565 839 718 919 semelque
741 843 821 900 visos

259 928 306 989 bis
330 932 388 989 iam
411 937 564 989 menstrua
586 928 657 989 luna
679 931 876 1009 conspicatur.

259 1037 315 1078 nec
337 1017 464 1078 multum
487 1017 606 1078 domino
630 1025 713 1079 vacat
735 1017 781 1078 vel
804 1021 877 1101 ipsi,

204 1121 237 1168 20
262 1107 332 1168 dnm
355 1125 497 1186 responsa
519 1109 595 1186 petit
618 1106 758 1168 subactus
782 1107 872 1168 orbis.

259 1199 327 1257 istic
350 1196 465 1257 Saxona
488 1195 639 1256 caerulum
662 1196 796 1256 videmus

259 1292 409 1346 assuetum
434 1291 501 1344 ante
526 1284 587 1345 salo
611 1284 707 1345 solum
729 1287 853 1368 timere3

260 1377 344 1436 cuius
367 1376 487 1435 verticis
512 1376 636 1434 extimas
659 1393 714 1453 per
738 1392 805 1434 oras

258 1482 319 1524 non
343 1470 480 1524 contenta
504 1480 573 1523 snos
596 1469 699 1523 tenere
722 1481 840 1524 morsus

201 1564 235 1613 25
260 1552 330 1613 altat
351 1552 489 1612 lammina
512 1553 676 1629 marginem
700 1570 867 1633 comarum,

259 1649 288 1702 et
312 1643 355 1702 sic
377 1640 510 1701 crinibus
534 1640 570 1700 ad
594 1647 693 1701 cutem
716 1643 822 1701 recisis

259 1730 407 1790 decrescit
429 1736 519 1808 caput
534 1721 717 1808 'additurque
740 1728 848 1791 vultus.

257 1819 306 1878 hic
329 1825 414 1878 tonso
438 1820 571 1898 occipiti,
595 1836 685 1879 senex
705 1818 880 1901 sygamber,

258 1913 414 1986 postquam
437 1909 532 1967 victus
556 1925 602 1989 es,
626 1907 709 1967 elicis
732 1914 897 1969 retrorsum

200 2008 236 2057 30
260 1998 406 2055 cervicem
429 1996 466 2056 ad
488 2003 619 2056 veterem
642 2013 733 2056 novos
757 1995 888 2074 capillos.

257 2084 306 2145 hic
325 2084 436 2162 glaucis
459 2084 588 2145 Herulus
611 2087 695 2162 genis
718 2094 853 2167 vagatur,

256 2176 333 2234 imos
356 2172 466 2234 Oceani
489 2173 589 2234 colens
612 2191 749 2234 recessus

256 2261 356 2341 algoso
379 2280 471 2341 prope
496 2261 633 2323 concolor
655 2262 811 2342 profundo.

254 2351 304 2412 hic
326 2350 497 2429 Burgundio
522 2353 652 2430 septipes
675 2352 847 2430 frequenter

198 2451 232 2501 35
255 2440 332 2500 llexo
355 2439 466 2519 poplite
490 2439 635 2519 supplicat
658 2442 796 2519 quietem.

255 2531 321 2589 istis
345 2527 539 2607 Ostrogothus
562 2531 642 2606 viget
664 2531 798 2607 patronis

255 2620 427 2696 vicinosque
450 2635 588 2696 premens
612 2617 738 2677 subinde
761 2617 895 2700 ChunoS,

255 2707 302 2766 his
327 2706 405 2786 quod
429 2705 578 2787 subditur,
601 2706 670 2767 hinc
694 2706 828 2785 superbit
851 2706 919 2767 illis.

254 2796 337 2875 hinc,
359 2795 504 2874 Romane,
527 2795 581 2855 tibi
604 2797 681 2873 petis
705 2794 844 2876 salutem,

196 2896 232 2943 40
256 2892 285 2944 et.
308 2891 410 2944 contra
433 2883 586 2962 Scythicae
609 2883 711 2962 plagae
735 2891 880 2964 catervas,

256 2974 282 3033 si
305 2991 379 3051 quos
402 2972 554 3032 Parrhasis
577 2971 652 3032 Ursa
675 2973 733 3033 lert
755 2972 914 3053 tumultus,

254 3061 373 3142 Eorice,
397 3068 464 3122 tuae
487 3079 593 3121 manus
616 3069 771 3141 rogantur,

254 3156 288 3209 ut
309 3149 433 3211 Martem
455 3149 569 3210 validus
592 3169 646 3228 per
669 3151 848 3229 inquilinum

255 3237 392 3299 defendat
415 3247 534 3300 tenuem
559 3238 696 3299 Garunna
719 3239 869 3318 Thybrim.

165 3449 238 3499 v.12
258 3442 343 3512 tityre
362 3445 436 3514 LN,
455 3445 534 3499 titire
556 3447 590 3511 T,
611 3463 626 3500 o
646 3445 724 3500 titire
744 3446 782 3500 M
785 3445 809 3501 O
826 3450 836 3516 ss
858 3466 885 3502 v.
901 3453 934 3502 23
951 3459 997 3516 per
1012 3438 1045 3493 ho:

84 3515 255 3590 Mem]
273 3532 413 3588 personas
433 3518 460 3572 L
472 3520 485 3590 ll
500 3536 528 3573 r.
541 3524 576 3572 ‘25
595 3520 673 3571 nutat
692 3518 840 3572 Monaesen
853 3519 902 3586 liv.
916 3524 951 3573 44
970 3512 1045 3569 deren
