2392 3854
137 177 201 241 106
425 158 431 172 '
501 175 611 231 crasa
632 176 799 243 qumans.

135 346 203 387 rum
221 326 391 387 munusculi
414 328 477 387 vice
497 326 602 408 detuli3
627 345 813 407 quamquam,
838 345 912 405 quae
932 334 983 387 tua
1002 327 1157 404 sanctitas,

136 434 254 495 semper
277 415 399 494 grandia
421 415 535 475 litteras
558 423 675 477 nostras
698 418 831 494 praemia
850 423 946 494 putes.
984 413 1014 478 3.
1037 417 1157 475 interea

135 506 345 566 necessitatem
374 505 499 584 praelati
527 507 682 584 portitoris
709 507 843 584 insinuo,
870 522 961 583 quem
983 506 1076 564 traxit
1100 505 1159 563 isto

135 595 247 672 negotii
271 593 368 660 oborti
390 593 532 672 bipertita
555 593 699 655 condicio.
742 593 890 674 siquidem
908 593 963 654 hac
986 593 1160 654 delinitione

109 685 280 763 sperrexit,
307 688 341 742 ut
369 692 419 742 aut
442 685 522 743 ineat
544 682 627 744 litem
650 689 701 743 aut
724 682 810 743 adeat
831 682 1037 743 hereditatem.
1085 699 1153 742 nam

133 771 262 851 patrueli
280 777 404 848 paterno
424 771 530 832 caelibi
549 775 747 851 intestatoque
764 771 902 833 defuncto
916 790 972 850 per
987 773 1157 850 agnationis

133 861 368 940 praerogativam
392 861 552 922 succedere
576 868 668 941 parat,
692 863 751 921 nisi
774 868 874 921 tamen
893 863 1007 940 coeptis
1031 860 1154 921 factiosa

133 953 178 1009 vis
203 948 308 1008 obviet.
355 957 458 1010 eontra
481 968 554 1028 quas
581 956 681 1010 tamen
705 955 827 1010 cunctas
854 948 1046 1009 difficultates
1071 949 1150 1010 solus

133 1045 202 1117 post
221 1055 308 1116 opem
326 1036 438 1099 Christi
459 1039 585 1118 supplici
603 1045 655 1099 tuo
675 1039 797 1119 sufficis,
820 1041 906 1099 cuius
926 1038 1044 1098 conlido
1064 1038 1150 1118 quod,

95 1129 161 1186 rosi
193 1129 338 1187 meruerit
373 1146 501 1207 persona
533 1129 670 1209 gratiam,
708 1134 908 1206 consequetur
941 1145 1030 1188 causa
1064 1130 1152 1188 victo·

135 1218 218 1277 riam.
255 1215 327 1277 vale.

622 1388 663 1454 ΙΙ.

299 1511 468 1568 SIDONIUS
488 1510 695 1566 NYMPHlDlO
716 1511 785 1568 SUO
806 1511 987 1568 SALUTEM.

204 1624 231 1688 1.
249 1625 373 1687 Librum
388 1624 424 1685 de
440 1631 518 1685 statu
532 1628 647 1686 animae
661 1623 759 1686 tribus
778 1625 980 1686 voluminibus
994 1626 1150 1688 inlustrem

135 1717 294 1776 llamertus
331 1714 511 1775 Claudianus
546 1717 747 1793 peritissimus
783 1713 1023 1776 Christianorum
1059 1715 1152 1796 philo-

96 1819 120 1859 ιι
135 1804 246 1883 sophus
279 1810 309 1864 et
337 1800 538 1881 quorumlibet
564 1806 679 1883 primus
710 1804 896 1864 eruditorum
923 1807 994 1865 totis
1024 1812 1151 1866 sectatae

135 1892 338 1972 philosophiae
366 1891 508 1951 memhris
536 1891 650 1952 artibus
677 1892 871 1972 partibusque
902 1911 1022 1954 comere
1051 1901 1081 1954 et
1103 1911 1152 1953 ex·

136 1981 232 2042 colere
247 1983 369 2061 curavit,
389 1998 494 2040 novem
509 1999 581 2058 quas
596 1989 702 2041 vocant
714 1981 813 2042 Musas
828 1980 1002 2060 disciplinas
1016 1985 1151 2063 aperiens

135 2089 214 2150 esse,
242 2088 302 2130 non
325 2070 457 2129 feminas.
495 2087 622 2148 namque
647 2071 677 2129 in
700 2073 817 2150 paginis
841 2072 906 2130 eius
929 2071 1038 2149 vigilax
1062 2070 1152 2132 lector

135 2161 267 2220 inveniet
289 2161 404 2219 veriora
428 2161 548 2218 nomina
567 2157 773 2240 Camenarum,
797 2177 872 2239 quae
891 2162 1045 2239 propriam
1064 2160 1100 2221 de
1119 2177 1148 2220 se

95 2264 121 2303 ao
135 2249 193 2309 sihi
206 2250 327 2328 pariunt
340 2249 598 2328 nuncupationem.
622 2246 683 2308 illic
703 2249 783 2309 enim
798 2255 828 2308 et
841 2251 1034 2326 grammatica
1048 2248 1148 2310 dividit

135 2346 165 2398 et
188 2340 315 2399 oratoria
339 2337 483 2398 declamat
506 2344 536 2397 et
559 2337 744 2398 arithmetica
768 2343 905 2398 numerat
923 2345 954 2398 et
972 2340 1148 2416 geometrica

135 2430 257 2488 metitur
281 2435 311 2487 et
332 2429 446 2487 musica
469 2426 614 2506 ponderat
637 2433 667 2486 et
685 2425 839 2497 dialectica
857 2426 989 2506 disputat
1008 2434 1039 2488 et
1057 2434 1145 2489 astro-

135 2516 212 2594 logia
234 2517 405 2595 praenoscit
428 2523 458 2576 et
481 2515 710 2576 architectonica
734 2517 823 2576 struit
846 2522 876 2575 et
899 2518 1023 2577 metrica
1047 2515 1145 2576 modu-

135 2605 220 2665 latur.
250 2603 278 2665 2.
293 2606 382 2665 huius
397 2604 533 2666 lectionis
547 2606 677 2665 novitate
696 2605 821 2665 laetatus
836 2606 1042 2684 excitatusque
1057 2612 1147 2666 matu·

95 2708 121 2749 ιι
135 2696 222 2753 ritate
250 2690 358 2774 raptim
386 2693 599 2755 recensendam
627 2693 938 2774 transferendamque,
968 2701 1002 2754 ut
1025 2694 1147 2773 videras,

135 2785 249 2862 petisti,
272 2789 306 2843 ut
328 2785 471 2864 petieras,
500 2784 665 2861 impetrasti
690 2781 745 2842 sub
769 2785 929 2861 sponsione
954 2785 1030 2843 citae
1053 2783 1148 2844 redhi-

134 2870 265 2931 bitionis.
311 2890 367 2932 nec
395 2890 442 2932 me
471 2871 532 2931 falli
559 2889 615 2931 nec
643 2877 672 2930 te
701 2869 802 2931 fallere
828 2870 920 2931 decet
967 2878 1086 2952 tempus
1109 2877 1151 2931 est

136 2959 319 3020 commodata
341 2962 470 3041 restitui,
494 2963 564 3039 quia
587 2958 663 3019 liber
686 2961 760 3040 ipse,
785 2961 811 3019 si
833 2959 954 3040 placuit,
978 2960 1082 3022 debuit
1104 2979 1150 3022 ex·

209 3119 222 3165 1
244 3112 333 3167 detuli
352 3129 408 3183 epo,
427 3111 531 3167 detulit
545 3113 621 3168 codd.
639 3114 670 3182 Ι(
661 3117 710 3181 (aa
728 3112 774 3166 eui
792 3129 849 3167 non
864 3128 969 3166 vacans
984 3116 1151 3181 (coisacam

138 3184 259 3253 animus)
283 3201 334 3253 per
359 3200 439 3238 snam
463 3185 514 3245 (vel
536 3185 631 3238 nescio
654 3188 751 3252 quam)
774 3183 948 3254 provinciam
971 3183 1044 3239 fuit?
1072 3187 1154 3242 Lact-

133 3256 254 3336 johann)
276 3257 286 3324 l
309 3261 325 3309 4
344 3255 397 3308 hac
416 3254 586 3310 diffinitione
605 3263 718 3325 praeter
735 3254 844 3310 tione
832 3273 864 3310 co
884 3271 939 3310 rae.
959 3256 1007 3309 Μ1
1028 3261 1032 3325 Ι
1053 3255 1155 3311 diffini·

138 3326 216 3383 tione
235 3329 314 3396 (corr.
334 3343 368 3381 etc
386 3324 532 3381 diffinione
553 3327 585 3382 0¹
587 3326 677 3398 )οΤΙΙ
693 3332 725 3382 15
744 3344 784 3382 an
802 3328 944 3380 secretae?
962 3327 1155 3398 Melpohucm

138 3400 172 3465 cf.
188 3416 227 3468 ep.
245 3398 311 3467 VII,
322 3403 348 3466 9,
357 3401 375 3452 9
390 3400 514 3453 sectatae
529 3398 731 3454 anachoreseos
745 3399 756 3468 ΙΙ
769 3403 802 3452 ‘22
821 3396 930 3451 musica
944 3404 970 3453 et
983 3404 1023 3454 23
1040 3400 1159 3454 metrica

130 3470 223 3524 laeum
236 3475 346 3527 mutare
359 3471 440 3525 malit
454 3469 637 3526 Welamowitr
650 3473 659 3540 ΙΙ
674 3477 707 3525 23
722 3468 943 3523 architectonica
956 3469 1046 3540 LM¹‚
1067 3470 1159 3526 archi-

119 3539 266 3599 tectorics
284 3542 399 3602 M'CT
410 3544 422 3617 ΙΙ
435 3545 469 3599 28
489 3541 564 3600 liber
583 3560 635 3600 om.
655 3541 702 3613 (ill
