2414 3864
411 153 562 210 GARMEN
580 155 679 213 XXIII.

201 323 297 384 nuper
320 304 561 384 quadrupedante
586 324 653 367 oum
676 309 764 367 citato
843 355 848 366 .

200 396 260 454 ires
285 393 412 454 Phocida
437 394 606 473 Sestiasque
630 394 727 476 Baias,

200 482 331 544 illustres
354 481 507 562 titulisque
531 483 711 563 proeliisque

144 584 181 633 to
201 571 290 632 urbes
313 590 367 651 per
390 572 451 633 duo
473 572 628 634 consulum
651 573 804 654 trophaea,

200 654 284 744 (nam
307 661 431 721 Martem
455 661 522 722 tulit
545 664 601 722 ista
624 661 770 722 lulianum

200 757 231 810 et
253 750 344 811 Bruto
368 750 442 811 duce
462 752 613 811 nauticum
636 751 781 832 furorem,

201 846 248 900 ast
269 839 342 900 haec
365 839 543 900 Teutonicas
566 847 688 900 cruenta
710 859 839 921 pugnas,

199 934 332 989 erectum
355 935 385 988 et
406 928 532 988 Marium
556 929 679 989 cadente
703 924 852 1013 Cimbro),

144 1028 182 1078 20
201 1019 311 1078 misisti
333 1017 407 1076 mihi
429 1016 583 1096 multIplex
606 1037 724 1099 poema,

199 1107 332 1187 doctum,
355 1105 468 1187 nobile,
492 1107 581 1187 sorte,
605 1106 771 1167 delicatum.

199 1195 282 1257 ibant
304 1196 468 1256 hexametri
492 1195 699 1275 superbientes

199 1292 229 1345 et
251 1285 375 1363 vestigia
399 1285 514 1365 iuncta,
538 1284 589 1344 sed
613 1287 741 1365 minora,

199 1392 253 1453 per
277 1375 383 1452 quinos
407 1373 483 1452 elegi
505 1373 597 1452 pedes
620 1373 767 1454 ferebant,

143 1473 180 1526 25
200 1463 309 1523 misisti
332 1470 375 1542 et,
398 1461 525 1541 triplicis
548 1470 677 1523 metrum
699 1463 832 1522 trochaei

200 1551 331 1631 spondeo
355 1553 514 1611 comitante
538 1551 728 1632 dactyloque,

199 1639 302 1701 dulces
325 1639 600 1722 hendecasyllabos,
625 1648 767 1719 tuumque

198 1728 305 1790 blando
329 1728 448 1790 laenore
473 1728 597 1791 Sollium
621 1729 727 1808 ligasti.

199 1836 320 1879 usuram
344 1820 532 1897 petimurque
556 1818 780 1899 reddimusque3

141 1918 180 1967 30
200 1926 268 1967 nam
292 1908 370 1986 quod
395 1910 525 1968 carmine
549 1926 603 1987 pro
626 1916 678 1968 tuo
703 1907 854 1988 rependo,

199 1996 255 2057 hoc
278 1999 441 2057 centesima
465 1996 596 2057 laudIum
619 2006 739 2057 tuarum
761 2005 815 2057 est.

243 2084 319 2156 Quid
342 2088 473 2164 primum
496 2104 619 2147 venerer
642 2085 795 2165 colamque
818 2104 872 2165 pro
895 2083 950 2146 te?

200 2176 232 2234 ni
255 2173 355 2255 fallor,
378 2177 503 2253 patriam
527 2184 700 2254 patremque
725 2177 819 2256 iuxta3

199 2265 251 2341 qui
274 2281 452 2342 quamquam
476 2264 533 2325 sibi
555 2264 706 2324 vindicare
730 2281 878 2324 summum

142 2363 179 2412 35
198 2353 293 2431 possit
315 2354 380 2413 iuro
404 2352 517 2434 locum,
540 2360 638 2413 tamen
661 2370 784 2412 necesse
808 2358 853 2412 est

199 2439 279 2501 illam
302 2444 438 2523 vincere,
461 2461 537 2521 quae
562 2444 640 2521 parIt
662 2447 809 2520 parentes.

200 2529 291 2611 salve,
313 2530 411 2591 Narbo
435 2537 540 2610 potens
565 2529 750 2611 salubritate,

198 2618 272 2678 urbe
297 2626 326 2680 ct
349 2638 418 2680 rure
443 2619 531 2680 simul
553 2619 650 2679 bonus
673 2619 781 2700 videri,

199 2710 308 2788 muris,
331 2707 457 2789 civibus,
481 2708 608 2789 ambitu,
630 2707 776 2788 tabernis,

143 2807 180 2857 40
200 2799 307 2878 portis,
330 2797 507 2878 porticibus,
531 2798 608 2879 loro,
632 2797 759 2878 theatro,

198 2884 344 2967 delubris,
368 2885 529 2966 capitoliis,
552 2888 692 2966 monetis,

198 2973 336 3056 thermis,
360 2974 501 3056 arcubus,
524 2975 655 3056 horreis,
677 2975 825 3056 macellis,

197 3065 306 3144 pratis,
329 3064 477 3145 lontibus,
500 3063 623 3145 insulis,
647 3062 765 3146 salinis,

198 3155 323 3234 stagnis,
347 3152 482 3234 flumine,
506 3172 618 3235 merce,
641 3159 744 3234 ponte,
767 3160 873 3235 ponto,

145 3250 181 3300 45
200 3258 278 3301 unus
303 3245 354 3321 qui
377 3260 519 3303 venerere
543 3245 608 3303 iure
632 3242 716 3302 divos

102 3446 322 3589 1lpusesciasquc
339 3448 436 3519 PTF,
456 3447 610 3519 sisoiasque
627 3449 659 3520 ῦς
675 3449 841 3519 Sextiusque
855 3451 935 3521 culpo
949 3452 958 3520 ΙΙ
972 3454 1006 3504 25
1021 3451 1052 3504 et

62 3538 85 3576 o.

76 3615 252 3660 Aronrrmrs
266 3619 300 3660 od.
316 3621 344 3660 Μ
348 3619 406 3663 ohr.
879 3616 923 3665 Ὦ
