2414 3864
140 129 203 193 126
524 127 632 183 LIBER
650 129 797 185 SEXTUS.

137 281 251 338 sionem
284 277 458 357 voluptuose
490 282 623 359 venitur3
659 286 724 339 tum
760 280 865 341 domus
896 283 1037 363 proprie,
1073 283 1156 344 cuius

136 374 276 449 actorem,
304 369 420 428 vineam
443 386 573 428 messem
596 367 746 449 olivetum,
768 376 879 429 tectum
903 386 1025 449 quoque
1048 373 1153 451 ipsum,

68 512 72 521 .
135 455 182 516 vel
205 457 276 517 dum
298 457 545 537 praeterveharis,
568 458 716 536 inspicere
740 476 790 517 res
813 458 962 519 commodi
986 467 1041 520 est.
1084 478 1149 538 qua-

134 553 270 627 propter,
303 548 412 605 missus
440 565 457 606 a
484 545 584 627 nobis,
615 553 645 606 et
672 545 728 606 tibi
754 549 906 628 pervenis3
938 565 1068 628 namque
1096 551 1148 609 erit

108 634 202 697 stalis
227 637 290 695 viae
313 643 381 694 tuae
405 653 570 713 causaeque
589 641 708 695 nostrae
728 635 872 715 condicio,
895 637 928 696 ni
946 635 1042 719 fallor,
1065 645 1143 716 utque

135 726 329 803 oportunitas
349 729 382 782 ut
395 742 450 802 pro
466 723 611 783 beneficio
627 725 738 784 civitati
750 741 838 804 posse
853 725 1003 804 imputare
1022 726 1140 805 quando·

136 831 262 892 cumque
286 813 429 893 ridearis,
453 813 531 890 quod
554 821 621 873 tuos
644 812 763 873 videris.
800 813 873 873 vale.

600 1038 686 1103 XXI.

183 1159 352 1223 SIDONIUS
372 1159 573 1216 SAOERDOTI
592 1161 638 1215 ΕΤ
656 1159 803 1215 IUSTINO
823 1160 899 1216 SUIS
920 1160 1092 1217 SALUTEM.

199 1272 346 1334 Victorius
369 1283 493 1353 patruus
512 1283 619 1356 vester,
642 1277 688 1334 vir
710 1282 744 1334 ut
767 1276 904 1353 egregius
924 1277 969 1336 sic
988 1277 1125 1337 undecun-

93 1386 119 1425 ιο
134 1382 190 1442 que
219 1364 422 1444 doctissimus,
450 1382 519 1423 curn
546 1372 645 1424 cetera
672 1370 823 1445 potenter,
850 1370 915 1424 tum
942 1365 1124 1444 potentissime

133 1451 265 1512 condidit
291 1470 402 1512 versus
449 1453 522 1512 mihi
552 1471 670 1533 quoque
694 1470 813 1531 semper
836 1470 852 1512 a
875 1471 966 1532 parvo
992 1472 1059 1515 cura
1077 1449 1121 1512 Mu·
1160 1510 1162 1529 ¹

133 1559 249 1621 sarum3
269 1559 348 1602 nunc
371 1560 423 1601 vos
446 1543 564 1620 parenti
586 1543 694 1602 venitis
718 1541 854 1622 heredes,
878 1560 968 1620 quem
991 1545 1121 1624 iuretur

131 1632 251 1691 merito:
284 1629 366 1690 ilicet
394 1649 447 1709 ege
475 1638 580 1710 poetae
610 1632 763 1711 proximus
791 1630 829 1689 fic
861 1631 1060 1711 professione,
1084 1641 1120 1686 ros

133 1721 253 1778 semine.
287 1737 357 1796 ergo
381 1721 578 1780 iustissimum
602 1726 656 1800 est,
678 1726 712 1779 ut
733 1719 813 1779 diem
836 1719 938 1779 iuncto
959 1723 1003 1781 sic
1022 1721 1119 1800 quisqu

93 1828 118 1869 15
132 1814 268 1867 nostrum
292 1808 438 1888 succedat,
461 1816 494 1868 ut
517 1811 658 1888 iungitur.
696 1807 822 1886 ideoque
841 1810 1020 1887 patrimonia
1037 1810 1118 1881 tenete,

132 1895 197 1956 dete
222 1897 360 1956 carmine.
397 1896 499 1957 valete.

176 2357 269 2430 OAI
298 2357 473 2430 SOLLII
501 2359 867 2433 APOLLINARIS
897 2355 1087 2436 SIDONII

84 2495 87 2500 ’
446 2482 829 2557 EPISTULARUM

493 2643 605 2704 LIBER
629 2644 782 2706 SEXTUS.

624 2817 649 2883 Ι.

243 2937 411 2994 SIDONIUS
430 2938 575 2995 DOMINO
594 2938 712 2995 PAPAE
731 2939 824 2995 LUPO
844 2939 1022 2997 SALUTEM.

196 3049 223 3112 1.
238 3050 429 3113 Benedicitur
443 3055 566 3132 spiritus
582 3062 701 3115 sanctus
716 3063 746 3115 et
759 3061 843 3134 pater
857 3053 906 3115 dei
921 3050 1122 3135 omnipotentis,

129 3141 207 3218 qued
231 3149 276 3222 tu,
299 3148 384 3220 peter
406 3150 524 3220 patrum
548 3151 578 3202 ei
600 3145 759 3224 episcopus
782 3145 992 3223 episcoporum
1015 3151 1045 3205 et
1065 3140 1124 3203 ulter

199 3280 215 3328 6
234 3276 403 3344 quandoque
423 3277 448 3330 T
464 3280 473 3347 I
494 3282 526 3331 14
546 3277 619 3332 dIem
638 3278 723 3335 fincte
743 3280 770 3333 L
787 3285 813 3334 ct
829 3282 910 3347 (corr.
928 3281 961 3334 ic
979 3278 1027 3334 die
1044 3275 1126 3334 functo

128 3346 228 3416 N¹)N‚
247 3347 292 3400 die
311 3347 407 3402 functo
426 3348 447 3415 (i
465 3366 533 3405 eras.
549 3349 705 3418 0¹)0TM,
727 3352 774 3406 sed
798 3350 895 3405 functo
918 3351 950 3406 In
972 3368 1028 3408 ras.
1046 3345 1128 3406 sicci

120 3436 177 3540 pue
199 3435 257 3474 car.
277 3419 349 3488 lece,
371 3438 389 3474 a
408 3419 454 3473 M¹
473 3437 493 3475 s.
513 3422 530 3476 l.
549 3422 628 3489 add„
651 3439 718 3477 erac.
739 3422 797 3490 Μ’,
819 3420 866 3476 die
889 3420 970 3477 finito
994 3423 1069 3490 (add.
1089 3413 1129 3473 vel

136 3492 222 3545 uncio
248 3490 360 3564 1⁷¹)Vp
385 3497 417 3547 16
435 3491 530 3547 valete
551 3490 584 3547 in
600 3492 711 3548 Christo
733 3495 770 3547 M
790 3496 802 3562 [i
823 3498 856 3548 18
874 3492 1053 3550 benedicitur
1069 3487 1129 3556 LN,
