2392 3854
124 111 166 176 72
477 111 585 165 LIBER
605 110 781 177 QUARTUS.

608 309 648 374 Π.

268 433 499 488 ottonianus
519 431 665 487 SIDONIO
684 432 802 487 PAPAE
822 432 1001 488 SALUTEM.

193 545 220 608 1.
245 548 278 608 Si
300 547 444 628 possibile
463 548 543 608 lactu
562 554 650 628 esset,
674 554 707 608 ut
726 555 764 628 te,
789 548 941 608 dominum
961 564 1070 627 meum,
1091 543 1145 606 vel

124 638 302 717 aliquotiens
330 636 544 716 aliquantulum
573 639 774 717 convenirem,
802 654 862 697 non
885 635 1045 697 undeunde
1069 653 1146 715 quat

125 729 273 806 rumpiam
299 744 495 805 personarum
523 732 573 786 aut
600 726 766 786 voluntates
794 733 845 786 aut
871 727 1066 786 necessitates
1089 743 1147 784 an-

97 818 286 896 squirerem,
311 834 385 894 quae
409 817 441 875 in
464 833 528 875 rem
551 814 645 875 debiti
664 816 725 875 mei
743 816 812 876 usui
830 815 904 875 mihi
923 832 990 874 esse
1009 821 1147 894 possent.

127 907 236 983 quippe
260 906 418 964 revisionis
442 910 574 982 potestas
592 903 695 964 multis
714 904 810 964 modis
830 911 860 964 et
878 905 998 964 miseris
1016 902 1153 983 perinde

127 995 225 1055 causis
249 993 467 1054 intercluditur.
505 995 656 1053 enimvero
681 992 833 1053 scribendi
856 992 980 1054 facultas
1005 999 1056 1052 aut
1074 1009 1151 1052 raro

126 1083 233 1142 idonea
262 1085 394 1161 suppetit
423 1089 474 1143 aut
500 1100 556 1142 nec
580 1085 719 1160 suppetit.
765 1083 858 1142 istaec
881 1082 986 1142 eadem
1009 1083 1153 1142 remissi-

127 1171 198 1232 bilia
227 1173 287 1231 sint
314 1189 422 1252 necne,
450 1178 513 1231 tute
541 1171 727 1231 indicaveris.
774 1167 803 1230 2.
826 1188 915 1249 porro
939 1178 1041 1231 autem
1064 1188 1152 1249 vero,

87 1282 114 1322 1o
128 1262 206 1341 quod
236 1278 450 1339 saepenumero
480 1261 600 1337 scriptis
628 1261 735 1320 vestris
763 1259 813 1319 alii
839 1261 1059 1339 inpertiuntur,
1094 1259 1151 1338 qui

127 1351 157 1410 id
182 1353 279 1429 ipsum
302 1367 358 1410 nec
382 1349 516 1410 ambiunt
539 1367 627 1427 quam
652 1355 768 1427 egomet
791 1349 891 1408 forsan
914 1366 970 1409 nec
988 1356 1152 1409 merentur

127 1439 267 1519 amplius,
295 1456 355 1499 non
383 1438 512 1498 arbitror
540 1439 686 1498 amicitiae
714 1436 829 1516 legibus
852 1439 964 1517 inpune
988 1438 1144 1498 committi.

127 1527 200 1588 illud
225 1529 386 1588 etiamnum
409 1527 544 1588 dolenter
567 1527 633 1587 laxo
656 1529 794 1607 tacitum,
823 1526 900 1605 quod
924 1525 1043 1586 libellos
1068 1526 1144 1603 illos,

129 1635 204 1696 quos
227 1624 278 1676 tuo
302 1618 423 1676 nomine
446 1614 598 1676 nobilitari
621 1633 681 1676 non
700 1614 814 1696 abnuis,
837 1614 919 1675 nullo
937 1633 1083 1694 umquam
1101 1617 1142 1675 in·

86 1726 113 1768 15
127 1707 277 1784 pertivisti
290 1707 445 1784 rescripto.
466 1704 517 1764 sed
532 1723 657 1765 vacuum
671 1705 747 1764 forte
762 1723 821 1764 non
832 1705 972 1784 suppetit,
986 1705 1069 1783 qnod
1083 1710 1141 1764 tute

128 1794 280 1855 modicum
302 1811 425 1872 magnae
449 1792 607 1854 admodum
631 1793 785 1872 impendas
805 1795 961 1853 amicitiae.
1000 1790 1030 1854 3.
1051 1808 1140 1872 ecquo

128 1889 224 1943 tumet
248 1888 393 1960 occupatu
416 1899 557 1960 umquam
580 1884 733 1960 uspiamve
753 1881 954 1962 implicabere,
978 1884 1053 1960 quin
1071 1879 1139 1942 illud

128 1974 160 2032 in
185 1970 310 2032 aliorum
334 1970 487 2031 commoda
510 1967 667 2048 revergat?
700 1989 767 2031 cum
786 1978 908 2051 precatu
928 1971 1019 2032 deum
1038 1970 1142 2050 placas,

129 2060 257 2121 eundem
290 2077 350 2120 non
377 2059 465 2119 modo
494 2061 596 2120 amicis
627 2059 679 2119 sed
709 2062 819 2139 ignotis
848 2077 966 2138 quoque
995 2059 1141 2121 concilias.

88 2173 116 2214 ao
131 2169 199 2211 cum
220 2151 435 2228 scripturarum
454 2148 627 2209 caelestium
645 2151 786 2228 mysteria
804 2151 932 2230 rimaris,
956 2167 1015 2227 quo
1035 2157 1065 2210 te
1086 2157 1143 2209 stu·

131 2240 244 2300 diosius
272 2237 396 2319 imbuis,
428 2256 462 2298 eo
494 2238 658 2299 doctrinam
687 2240 795 2298 ceteris
826 2239 975 2317 copiosius
1004 2238 1143 2299 infundis.

131 2348 199 2389 cum
230 2335 297 2390 tuas
330 2345 401 2407 opes
433 2330 465 2387 in
497 2346 570 2388 usus
602 2328 725 2406 inopum
756 2327 903 2407 prodigis,
936 2326 993 2386 tibi
1026 2327 1144 2406 quidem

131 2436 278 2499 maxume,
302 2416 354 2477 sed
378 2416 444 2477 aliis
468 2435 585 2496 quoque
609 2416 777 2477 consultum
800 2417 880 2476 lacis.
922 2416 1049 2495 proinde
1073 2413 1145 2477 'nibil

132 2507 278 2587 videlicet,
292 2506 425 2585 proiecto
440 2505 514 2566 nihil
528 2513 573 2566 est
586 2513 646 2566 tam
661 2505 852 2566 infecundum
863 2507 1015 2565 actionum
1028 2512 1146 2566 tuarum

94 2619 121 2660 aa
136 2599 281 2676 omnium,
310 2595 389 2674 quod
416 2594 472 2655 tibi
500 2597 552 2655 uni
582 2594 637 2654 soli
663 2601 779 2655 tantum
803 2600 833 2655 et
855 2612 915 2654 uon
938 2592 1005 2654 aliis
1030 2610 1148 2674 quoqne

134 2686 237 2746 multis
260 2692 358 2745 tecum
381 2682 506 2744 uberem
524 2684 655 2744 fructum
673 2683 756 2743 serat.
793 2680 822 2743 4.
842 2681 923 2743 nulla
941 2684 1035 2761 igitur
1050 2686 1147 2745 cnius-

207 2843 222 2890 2
241 2836 318 2890 facto
332 2836 445 2908 LNTtt
460 2844 475 2890 3
495 2836 605 2905 quoties
624 2841 685 2903 (out.
700 2834 751 2905 ali)
765 2835 792 2890 L
808 2839 812 2901 1
827 2835 902 2889 unde
922 2839 983 2903 (om.
999 2837 1049 2892 ait.
1064 2836 1149 2906 unde)

135 2907 162 2962 L
184 2911 194 2976 ΙΙ
215 2914 233 2961 4
252 2909 428 2975 anquirerem
446 2908 511 2963 LN
518 2908 550 2976 V,
573 2907 743 2975 inquirerem
761 2908 799 2962 M
803 2907 855 2962 OT
879 2909 888 2978 l
915 2913 931 2961 5
953 2924 1025 2975 quae
1045 2908 1081 2978 L,
1101 2907 1150 2962 sed

136 2995 209 3046 quoe
223 2979 284 3047 (sed
296 2995 317 3032 s.
333 2981 350 3035 l.
365 2981 429 3035 odd.
445 2980 478 3034 N
480 2979 536 3047 ¹)N
538 2979 576 3033 M
581 2979 632 3034 OT
646 2981 650 3047 Ι
665 2978 777 3048 possint
790 2979 817 3034 L
830 2983 839 3048 ΙΙ
854 2986 869 3034 6
888 2977 1067 3034 multimodis
1081 2997 1149 3036 corr.

134 3052 167 3104 iu
184 3048 281 3102 multis
299 3050 391 3104 modis
410 3050 448 3104 1³²
462 3053 501 3120 118
520 3049 610 3104 istaec
628 3049 663 3118 L,
681 3050 738 3104 iste
756 3049 826 3104 haec
845 3050 877 3105 N
880 3051 917 3104 M
920 3051 952 3119 T,
975 3048 1019 3104 ita
1036 3049 1109 3106 boec
1129 3049 1153 3106 U

136 3122 144 3191 l·
163 3127 178 3175 9
198 3123 230 3174 tu
248 3118 419 3174 iudiceberis
437 3121 472 3187 L,
490 3124 552 3175 tute
571 3119 742 3175 iudiceberis
759 3124 792 3176 iu
808 3139 874 3188 rus,
892 3120 927 3175 be
945 3138 967 3177 s.
984 3121 1002 3177 l.
1017 3123 1083 3178 odd.
1098 3121 1130 3176 N
1132 3122 1152 3189 ¹,

134 3194 197 3246 tute
215 3189 351 3244 iudicaris
369 3192 484 3262 MUTt}
503 3197 537 3245 14
555 3191 656 3246 abnuis
674 3193 711 3261 F,
736 3192 844 3246 annuis
864 3193 903 3262 L,
927 3191 1028 3246 annuis
1051 3194 1149 3264 (prior.

134 3281 154 3317 n
173 3266 205 3318 iu
222 3279 276 3318 rue.
291 3262 457 3331 MoMOP,
476 3262 576 3317 annuis
596 3280 664 3318 corr.
683 3267 714 3319 iu
733 3264 834 3318 adnuis
854 3264 890 3318 1¹¹
904 3267 913 3333 ΙΙ
929 3270 961 3317 16
981 3279 1071 3332 ecquo
1089 3265 1150 3318 tum

136 3340 166 3390 et
184 3335 218 3402 L,
238 3349 326 3402 ecquo
344 3338 405 3387 tam
424 3349 458 3387 ex
478 3334 515 3404 F,
538 3334 652 3403 Hecquo
671 3337 731 3389 tam
750 3351 784 3389 ex
801 3336 835 3403 P,
856 3335 983 3403 haecquo
1003 3335 1060 3401 (vel
1078 3350 1110 3390 ee
1127 3351 1149 3390 s.

134 3408 153 3461 l,
173 3408 238 3462 odd.
258 3404 315 3474 Μ’)
333 3406 393 3458 tam
412 3419 446 3458 ex
464 3406 505 3474 M,
524 3405 651 3474 haecque
670 3406 718 3476 (ha
736 3423 804 3461 eras.
821 3407 865 3474 0²)
885 3423 919 3460 ex
934 3405 963 3474 O,
982 3421 1072 3474 ecquo
1090 3408 1150 3460 tam

121 3478 178 3548 sd
189 3485 226 3534 20
243 3475 398 3550 mysterio]
418 3479 530 3533 secreta
545 3478 638 3550 Tl‘t‘t
656 3476 786 3548 inopom}
797 3493 953 3546 pauperum
968 3476 994 3531 T
1006 3478 1015 3546 l
1029 3482 1064 3531 to
1082 3478 1150 3531 ube-
