2414 3864
140 155 203 220 122
498 154 607 208 LIBER
626 154 791 220 QUINTUS.

138 304 353 383 detepescebat.
391 307 490 383 itaque
519 322 587 364 cum
617 307 729 383 passim
758 307 839 365 varia
867 305 1009 367 ordinum
1034 324 1148 386 corpora

138 394 396 474 dispergerentur,
432 392 543 472 placuit
578 393 613 453 ad
642 394 841 454 conditorium
874 393 993 474 Syagrii
1027 394 1147 456 consulis

138 486 246 543 civium
268 486 374 562 primis
397 501 456 542 una
480 484 573 562 coire,
601 483 680 560 quod
703 501 758 543 uec
782 482 904 562 impleto
927 487 1011 544 iactu
1034 487 1144 564 sagittae

139 572 339 650 separabatur.
384 571 433 631 hic
461 589 530 650 pars
558 571 614 631 sub
637 570 743 632 umbra
770 571 901 650 palmitis
930 572 1039 654 adulti,
1069 589 1143 652 quam

111 680 124 720 a
139 661 291 739 stipitibus
306 661 403 721 altatis
418 659 660 738 cancellatimque
675 660 873 739 pendentibus
882 664 1043 741 pampinus
1054 679 1141 740 super-

137 750 225 810 ducta
251 757 400 830 texuerat,
427 766 496 827 pars
520 751 650 828 caespite
673 752 705 809 in
728 749 816 809 viridi
839 750 892 810 sed
915 749 1042 812 floribus
1064 749 1139 811 odoro

137 838 375 898 consederamus.
421 834 450 898 5.
478 836 568 898 rerba
598 845 682 898 erant
714 838 811 898 dulcia
843 841 944 900 iocosa
976 840 1137 918 fatigatoria5

136 935 299 1007 praeterea,
322 927 401 1006 quod
424 926 638 1008 beatissimum,
662 927 742 988 nulla
764 929 875 987 mentio
900 927 938 987 de
957 926 1135 1008 potestatibus

137 1022 187 1075 aut
215 1015 250 1076 de
277 1015 413 1095 tributis,
440 1015 538 1076 nullus
567 1034 666 1076 sermo
690 1017 742 1095 qui
764 1017 956 1098 proderetur,
985 1016 1064 1078 nulla
1083 1033 1136 1096 per·

98 1122 210 1165 resona
233 1123 308 1182 quae
331 1105 479 1184 proderet.
521 1104 650 1165 fabulam
673 1112 754 1165 certe
778 1106 892 1166 referre
915 1105 1037 1185 dignam
1059 1103 1134 1165 relatu

138 1193 294 1272 dignisque
318 1195 474 1254 sententiis
494 1196 620 1273 quisque
640 1197 800 1273 potuisset:
824 1194 1000 1256 audiebatur
1019 1193 1133 1255 ambitie

138 1284 271 1363 sissime3
307 1301 364 1342 nec
396 1290 460 1343 erat
493 1282 605 1343 idcirco
638 1301 699 1343 uon
731 1282 871 1343 distincta
902 1285 1047 1364 narratio,
1080 1281 1133 1361 qnia

137 1371 248 1432 laetitia
280 1374 434 1451 permixta.
481 1373 560 1431 iuter
592 1371 665 1432 haec
694 1374 754 1432 otio
783 1371 834 1432 diu
866 1373 1010 1434 marcidis
1041 1366 1132 1449 aliquid

137 1479 224 1539 agere
254 1463 358 1521 visum.
406 1458 434 1522 6.
458 1478 526 1520 mox
554 1460 717 1541 bipertitis,
748 1468 812 1520 erat
834 1468 868 1522 ut
891 1468 985 1543 aetas,
1013 1460 1132 1522 acclama-

97 1571 121 1612 15
135 1549 267 1609 tionibus
291 1550 448 1627 efflagitata
470 1550 622 1628 profertur
644 1549 692 1609 bis
711 1548 779 1631 pila,
802 1549 849 1610 bis
867 1549 976 1611 tabula.
1010 1550 1132 1630 sphaerae

134 1640 250 1716 primus
274 1655 327 1715 ego
352 1638 476 1716 signifer
499 1638 555 1718 fui,
584 1638 769 1719 quaemihi,
796 1644 829 1698 nt
853 1641 946 1720 nosti,
969 1657 1029 1699 non
1052 1639 1131 1698 minus

124 1726 211 1813 ,libro
236 1745 335 1787 comes
357 1726 492 1787 habetur.
530 1726 621 1787 altera
645 1745 681 1787 ex
705 1735 789 1806 parte
813 1728 905 1788 frater
927 1746 1013 1788 meus
1032 1724 1132 1788 uomu-

135 1817 213 1896 cius,
242 1815 330 1874 homo
359 1818 469 1893 gratiae
493 1834 639 1896 summae,
667 1817 776 1876 summi
798 1816 923 1898 leporis,
950 1823 1078 1878 tesseras
1096 1829 1132 1873 ce·

134 1910 219 1981 perat
243 1903 466 1986 quatiebatque,
490 1922 548 1983 qno
572 1905 651 1965 velut
675 1904 798 1965 classico
823 1905 858 1965 ad
881 1924 1009 1986 pyrgum
1031 1901 1134 1965 vocabat

95 2015 121 2054 1ο
135 1991 288 2052 aleatores.
325 2011 380 2052 nos
399 2012 467 2053 cum
486 2001 602 2054 caterva
621 1993 866 2054 scholasticorum
884 1994 1012 2056 lusimus
1026 1990 1133 2062 abunde,

135 2089 278 2160 quantum
304 2081 438 2142 membra
465 2090 584 2162 torpore
616 2085 729 2143 statarii
755 2082 866 2143 laboris
896 2083 1035 2145 hebetata
1061 2095 1134 2144 cursu

135 2170 247 2231 salubri
274 2178 490 2249 vegetarentur.
538 2171 566 2233 7.
593 2172 642 2232 hic
669 2174 715 2231 vir
742 2171 877 2233 inlustris
905 2171 1084 2253 Filimatius,
1107 2172 1134 2228 ut

135 2267 181 2320 est
203 2259 275 2320 illud
298 2259 449 2320 Mantuani
472 2268 585 2341 poetae,

157 2403 266 2445 ausus
286 2392 318 2446 et
337 2386 417 2464 ipse
436 2403 541 2446 manu
559 2386 728 2444 iuvenum
750 2391 930 2463 temptare
954 2384 1120 2464 laborem,

94 2530 120 2570 15
135 2508 368 2587 sphaeristarum
387 2527 418 2568 se
437 2507 614 2568 turmalibus
633 2515 803 2568 constanter
821 2510 993 2570 immiscuit.
1027 2509 1139 2590 pulchre

134 2599 213 2657 enim
240 2597 297 2658 hoc
324 2598 448 2676 fecerat,
481 2597 534 2656 sed
561 2615 630 2657 cum
659 2596 754 2657 adhuc
782 2604 884 2657 essent
911 2601 982 2658 anni
1009 2601 1142 2660 minores.

134 2688 185 2764 qui
209 2705 276 2746 cnm
299 2687 471 2765 frequenter
494 2686 531 2745 de
559 2685 624 2746 loco
648 2692 777 2746 stantum
805 2686 897 2746 medii
920 2690 1072 2749 currentis
1095 2691 1143 2748 im·

133 2773 222 2852 pulsu
245 2783 490 2855 summoveretur,
513 2793 593 2835 nunc
617 2792 734 2853 quoque
754 2783 892 2854 acceptus
915 2777 947 2835 in
968 2794 1069 2837 aream
1090 2785 1146 2838 tam

133 2862 209 2941 pilae
238 2882 337 2924 coram
364 2862 608 2942 praetervolantis
642 2881 730 2941 qnam
760 2867 945 2942 superiectae
973 2883 1030 2926 nec
1058 2867 1147 2928 iuter-

204 3092 239 3139 24
257 3088 340 3156 Verg.
356 3088 424 3142 Aen.
439 3087 473 3156 V,
489 3092 549 3143 499.

205 3166 220 3212 2
240 3158 454 3212 conductorium
474 3158 547 3229 0111
568 3158 662 3212 dulcia
681 3159 894 3226 111111Μο119
913 3156 963 3226 qui
982 3161 1153 3228 proderetur

133 3229 160 3284 L
178 3236 203 3285 et
222 3233 302 3295 (corr.
317 3231 349 3284 iu
367 3228 416 3297 qui
434 3230 566 3297 proderet
580 3230 679 3300 N¹)N‚
698 3229 747 3298 qui
760 3230 894 3300 proderet
907 3229 1022 3301 ΜοΤ1
1039 3238 1074 3288 10
1088 3241 1154 3305 port

132 3317 205 3368 quae
224 3305 243 3355 8
261 3302 313 3356 litt.
332 3318 401 3357 eras
420 3301 459 3355 Ρ3
479 3306 483 3371 1
504 3317 576 3368 qnae
594 3302 725 3370 proderet
743 3302 770 3355 L
788 3308 814 3357 et
833 3305 913 3370 (corr.
933 3303 964 3356 ira
982 3303 1154 3371 proderetur

132 3372 231 3442 N¹)N‚
252 3387 324 3440 quae
339 3372 505 3440 proderetur
518 3373 556 3426 M
559 3373 641 3427 CTP
651 3375 661 3440 11
676 3378 708 3425 11
729 3371 961 3427 ambiciosireime
979 3373 1156 3432 audiebatur

134 3444 225 3513 01113
244 3462 283 3499 an
301 3443 428 3497 diutino?
446 3444 623 3512 Iacetjobanu
637 3447 646 3512 11
661 3449 694 3496 14
712 3446 745 3497 ut
763 3445 825 3498 erat
845 3443 935 3568 0111
954 3460 994 3499 aa
1011 3443 1044 3500 iu
1063 3465 1156 3516 quau-

129 3517 209 3570 tam?
233 3515 430 3588 Maetjobanm
453 3516 549 3572 malim
572 3515 706 3586 quatinus
731 3517 747 3585 1
768 3521 800 3570 ‘tt
820 3531 866 3568 me
887 3514 1037 3572 icurreutie
1058 3517 1128 3578 Mc
1146 3520 1157 3594 11
