2392 3854
126 154 171 217 44
471 154 580 209 LIBER
598 153 795 210 SECUNDUS.

127 314 157 364 et
180 305 239 383 ipsi
262 306 293 364 in
316 307 472 384 procinctu
497 323 600 366 sumus
618 311 708 383 teque
728 303 783 365 sub
802 323 857 384 ope
877 304 989 365 Christi
1009 311 1136 366 actutum

126 392 213 453 nobis
242 395 371 454 invisere
398 394 508 474 placet,
536 393 702 472 expeditius
730 392 786 453 tibi
810 413 898 455 cenae
923 395 1088 454 amicorum
1109 396 1136 454 in

127 499 192 542 mea
216 501 288 542 cena
311 489 421 562 tuaque
445 481 764 563 commemorabuntur,
787 483 874 543 modo
893 501 949 543 nos
973 500 1062 561 quam
1080 484 1135 562 pri-

126 588 209 631 mum
235 570 428 632 hebdomadis
461 579 580 632 exactae
614 573 708 650 spatia
739 571 884 651 completa
911 573 1026 632 votivae
1052 573 1133 633 resti·

101 666 211 721 stuant
239 662 408 740 esuritioni,
437 662 505 739 qnia
535 660 703 739 disruptum
731 678 823 739 ganea
851 660 1037 721 stomachum
1059 659 1131 721 nulla

128 750 238 809 sarcire
262 767 311 809 res
334 748 441 809 melius
466 767 553 828 quam
575 751 756 829 parsimonia
780 749 863 810 solet.
900 749 973 810 vale.

615 1011 654 1076 X.

311 1131 479 1188 SIDONIUS
497 1132 676 1189 HESPERIO
696 1133 764 1189 SUO
784 1132 963 1189 SALUTEM.

197 1243 224 1306 1.
243 1246 315 1306 Amo
340 1249 371 1307 in
394 1254 424 1307 te
444 1247 521 1325 quod
541 1247 655 1308 litteras
674 1265 754 1308 amas
774 1255 803 1308 et
821 1265 1036 1326 usquequaque
1054 1265 1135 1327 prae·

128 1337 223 1397 111111
247 1335 489 1397 cumulatissimis
516 1335 657 1396 extollere
678 1336 824 1396 contendo
847 1342 946 1396 tantae
970 1336 1136 1415 diligentiae

91 1440 117 1480 1o
130 1427 368 1508 generositatem,
386 1444 441 1504 per
460 1444 548 1505 quam
568 1424 654 1485 nobis
672 1444 732 1485 uon
751 1424 848 1485 solum
866 1427 951 1486 initia
968 1432 1021 1486 tua
1039 1443 1136 1487 verum

128 1515 218 1574 etiam
250 1515 346 1575 studia
377 1522 478 1575 nostra
506 1514 703 1575 commendas.
753 1532 822 1575 uam
850 1532 918 1574 cum
945 1514 1082 1576 videmus
1109 1517 1136 1576 in

127 1602 298 1663 huiusmodi
312 1602 500 1682 disciplinam
514 1605 666 1664 iuniorum
676 1605 794 1682 ingenia
805 1621 1005 1685 succrescere,
1019 1611 1136 1684 propter

129 1709 217 1769 quam
240 1709 295 1751 nos
319 1709 437 1770 quoque
462 1692 658 1753 subduximus
682 1692 794 1753 serulae
817 1710 948 1772 manum,
969 1695 1136 1772 copiosissi-

127 1797 210 1839 mum
242 1779 371 1840 fructum
400 1784 495 1841 nostri
525 1780 636 1841 laboris
664 1781 865 1861 adipiscimur.
916 1780 988 1842 illud
1017 1800 1136 1864 appone,

89 1882 114 1923 11
129 1867 208 1946 quod
236 1873 351 1929 tantum
380 1868 545 1930 increbruit
568 1869 726 1931 multitudo
750 1870 982 1951 desidiosorum,
1010 1877 1057 1953 ut,
1083 1873 1136 1932 nisi

127 1955 174 2016 vel
194 1958 367 2035 pauclssimi
387 1959 496 2036 quique
515 1975 628 2018 meram
647 1957 764 2037 linguae
783 1959 910 2019 Latiaris
928 1962 1136 2038 proprietatem

128 2045 164 2105 de
191 2044 352 2105 trivialium
375 2045 627 2106 barbarismorum
655 2046 790 2126 robigine
813 2047 1050 2130 vindicaveritis,
1078 2067 1136 2110 ean

127 2133 211 2194 brevi
230 2133 368 2195 abolitam
388 2134 549 2196 defleamus
568 2137 849 2216 interemptamque:
873 2138 916 2196 sic
936 2155 1039 2198 omnes
1059 2138 1136 2199 nobi·

127 2223 201 2284 lium
234 2241 405 2284 sermonum
436 2242 586 2304 purpurae
619 2243 672 2303 per
704 2227 851 2286 incuriam
883 2224 963 2304 vulgi
992 2226 1137 2288 decolora·

88 2328 114 2369 11
128 2311 248 2374 buntur.
286 2310 315 2373 2.
340 2312 392 2372 sed
415 2315 504 2373 istinc
528 2313 613 2374 alias:
636 2316 751 2375 interea
774 2323 806 2376 tu
830 2314 909 2393 quod
932 2317 1011 2394 petis
1033 2319 1135 2396 accipe

127 2405 205 2480 petis
228 2408 336 2484 autem,
358 2409 401 2483 ut,
429 2404 456 2462 si
479 2404 530 2481 qui
552 2402 694 2463 versiculi
715 2403 790 2464 mihi
813 2404 963 2486 tinxerint,
986 2411 1136 2485 postquam

128 2489 164 2550 ab
193 2491 335 2552 alterutro
363 2490 570 2573 discessimus,
597 2491 652 2552 hos
679 2490 735 2552 tibi
761 2510 816 2572 pro
843 2492 969 2572 quadam
992 2511 1136 2555 morarum

127 2580 265 2640 mercede
297 2598 516 2660 pernumerem.
572 2579 651 2640 dicto
683 2599 787 2662 pare05
823 2599 892 2641 nam
924 2582 1078 2661 praeditus
1111 2601 1136 2645 11

129 2686 307 2748 quamquam
339 2671 454 2731 iuvenis
486 2670 541 2730 hac
575 2671 665 2730 animi
693 2671 876 2752 maturitate,
908 2677 942 2731 ut
970 2669 1026 2731 tibi
1054 2675 1136 2733 etiau

89 2763 201 2816 111111
223 2760 340 2836 priores
360 2777 464 2838 gerere
483 2776 598 2818 morem
618 2761 869 2838 concupiscamus.
902 2758 1028 2821 ecclesia
1047 2779 1136 2840 nuper

128 2853 278 2907 exstructa
301 2847 439 2926 Lugduni
462 2855 521 2928 est,
550 2865 624 2927 quae
654 2848 752 2909 studio
779 2866 872 2928 papae
895 2846 1038 2909 Patientis
1064 2868 1136 2910 sum·

128 2951 210 2993 mum
243 2938 341 3015 coepti
373 2939 472 3017 operis
501 2939 639 3018 accessit,
670 2939 728 2997 viri
760 2939 855 2998 sancti
883 2940 1012 3020 strenui,
1045 2940 1136 3000 severi

200 3158 316 3213 ‘inobis
336 3162 461 3214 actutum
483 3161 507 3216 0
525 3165 534 3231 11
557 3168 574 3215 4
592 3160 744 3217 restituent
764 3167 843 3231 (pom
863 3179 878 3215 e
896 3162 929 3215 iu
946 3178 1001 3216 111.
1016 3160 1136 3232 Mum<

128 3229 137 3302 11
156 3234 171 3284 9
191 3229 326 3304 extollere
346 3232 377 3300 Τ,
397 3232 523 3287 excolere
542 3232 679 3297 LMOT;
698 3236 734 3300 ef.
749 3251 789 3303 ep.
805 3233 861 3302 IV,
876 3237 950 3300 11,4
969 3230 1136 3302 competenti

128 3300 277 3371 praeconio
299 3301 433 3368 extollat3
465 3304 549 3372 VIII,
569 3309 595 3372 6,
614 3307 634 3358 2
662 3303 811 3372 praeconio
828 3301 1022 3359 ..immenso
1096 3320 1136 3359 ex·

127 3371 206 3428 tollit
243 3379 276 3426 13
295 3374 330 3441 cf.
349 3375 473 3430 Iuoeuol.
493 3382 544 3430 sat.
559 3376 585 3443 I,
599 3380 634 3430 15
656 3377 660 3444 1
679 3392 794 3429 manum
813 3373 921 3428 ferulae
942 3374 984 3442 11
1000 3378 1033 3427 15
1051 3377 1136 3430 inore·

127 3443 191 3524 buit
211 3376 263 3500 dl*
283 3446 292 3516 11
316 3450 348 3499 18
367 3444 621 3515 interemptamque
645 3446 813 3514 Woeuoereu‚
836 3445 948 3500 interim
972 3447 1087 3513 tamque
1105 3444 1136 3515 L,

115 3515 326 3587 interitamque
346 3519 426 3589 (corr.
446 3524 479 3574 ut
496 3535 521 3574 o.
540 3535 574 3574 111
591 3516 840 3586 interimtamquae
859 3516 912 3586 N2)
919 3517 991 3571 ΝΜ
993 3516 1066 3587 UTI
