2414 3864
396 157 547 213 CARMEN
565 158 625 214 VH.
954 158 1017 222 291

94 328 168 388 quae
194 311 283 389 suasi,
305 309 365 367 nisi
387 309 471 369 facta.
517 315 617 368 tamen
640 308 757 367 fortuna
779 310 911 387 priorem

94 398 224 478 abripuit
246 399 380 478 genium3
403 399 502 478 periit,
526 397 733 476 quodcumque
757 396 902 476 merebar,

94 506 162 548 cum
185 489 318 565 genitore
342 493 402 546 tuo.
448 485 616 546 Narbonem
638 485 705 546 tabe
730 485 859 546 solutum

98 575 243 636 ambierat
266 568 314 657 (tu
336 593 445 654 parvus
469 567 560 658 eras),
583 574 761 653 trepidantia
785 576 908 653 cingens

96 665 177 725 milia
200 667 232 725 in
255 664 381 724 infames
404 666 602 743 iamiamque
627 671 763 743 coegerat
786 682 883 745 escas;

95 757 153 815 iam
176 755 271 813 tristis
294 755 431 832 propriae
456 753 595 813 credebat
618 753 718 813 defore
741 752 877 834 praedae,

95 845 120 903 si
144 841 261 902 clausus
286 842 411 902 fortasse
434 844 521 921 perit,
545 861 612 902 cum
635 849 736 902 nostra
760 841 897 921 probavit

95 931 217 992 consilia
241 937 271 991 et
293 931 396 1008 refugo
420 929 527 990 laxavit
549 933 666 991 moenia
688 930 776 990 bello.

94 1028 183 1099 teque
207 1022 305 1098 ipsum
329 1013 414 1101 (sunt
437 1036 506 1080 ecce
531 1013 632 1102 senes)
655 1020 711 1080 hoc
735 1026 855 1099 pectore
879 1019 985 1081 fultum
1055 1065 1056 1069 ,

94 1110 149 1170 bae
173 1108 294 1168 flentem
316 1115 439 1168 tenuere
463 1125 576 1189 manus,
603 1110 629 1167 si
652 1109 776 1168 forsitan
799 1108 886 1168 altrix

94 1206 122 1259 te
147 1197 229 1278 mihi,
252 1216 320 1257 curn
344 1195 447 1277 nolles,
470 1196 638 1257 lactandum
661 1196 786 1258 tolleret.
832 1215 901 1258 ecce

94 1286 216 1347 advenio
241 1293 270 1346 et
292 1287 385 1364 prisci
408 1292 510 1363 repeto
534 1285 622 1345 modo
644 1287 752 1364 pignus
775 1288 894 1346 amoris.

95 1379 120 1435 si
142 1374 198 1436 tibi
221 1374 301 1436 nulla
324 1374 407 1455 tides,
430 1373 510 1434 nulla
535 1381 581 1434 est
603 1377 769 1435 reverentia
792 1377 894 1455 patris,

94 1467 105 1524 i
127 1465 221 1524 durus
243 1481 406 1542 pacemque
430 1457 525 1541 nega?
570 1465 738 1543 prorumpit
762 1463 797 1523 ab
822 1466 903 1523 omni

92 1571 228 1614 murmur
251 1552 377 1613 concilio
401 1553 606 1634 fremitusque,
630 1560 659 1613 et
681 1551 794 1631 proelia
817 1551 959 1613 damnans

93 1642 233 1703 seditiosa
257 1644 315 1703 ciet
338 1641 517 1701 concordem
539 1642 626 1702 turba
649 1641 817 1711 tumultum.

92 1738 155 1792 tum
179 1749 230 1791 rer
255 1730 374 1791 effatur:
396 1727 528 1809 ‘dudum,
552 1730 611 1791 dux
634 1729 744 1811 inclite,
767 1729 854 1808 culpo

91 1838 214 1899 poscere
237 1827 266 1880 te
289 1838 393 1899 pacem
416 1826 557 1900 nostram,
581 1838 648 1879 cum
672 1837 777 1897 cogere
801 1820 898 1898 possis

89 1911 251 1990 servitium,
274 1908 391 1968 trabere
415 1927 449 1968 ac
471 1907 597 1987 populos
620 1910 651 1968 in
674 1906 751 1969 beffa
775 1926 925 1987 sequaces.

88 2018 134 2079 ne,
158 2016 277 2078 quaeso,
299 1996 442 2058 invidiam
464 1999 560 2076 patrio
584 1997 657 2057 mihi
681 1999 799 2058 nomine
823 1999 939 2057 inuras:

88 2087 159 2166 quid
183 2105 309 2168 mereor,
333 2088 359 2146 si
382 2085 462 2146 nulla
484 2082 592 2147 iubes?
616 2087 740 2147 suadere
765 2085 819 2147 sub
842 2085 893 2145 illo

88 2176 166 2255 quod
189 2182 316 2257 poteras,
340 2174 427 2235 modo
451 2174 525 2235 velle
549 2182 593 2235 sat
616 2183 672 2256 est,
697 2174 851 2254 solumque
869 2181 1012 2255 moratur,

88 2265 166 2344 quod
190 2267 301 2346 cupiaS,
323 2266 456 2324 nescisse
481 2263 576 2324 Getas.
623 2265 696 2324 mibi
718 2262 842 2324 Romula
865 2263 977 2324 dudum

86 2372 141 2433 per
163 2361 192 2414 te
215 2356 280 2415 iura
303 2353 428 2433 placent,
451 2371 633 2432 parvumque
657 2353 789 2413 ediscere
813 2353 902 2412 iussit

88 2443 123 2503 ad
146 2449 196 2504 tua
222 2442 308 2503 verba
331 2448 424 2523 pater,
447 2442 535 2502 docili
560 2460 617 2520 quo
641 2444 739 2521 prisca
761 2439 891 2500 Maronis

87 2533 217 2591 carmine
240 2530 369 2591 molliret
393 2531 547 2610 Scythicos
569 2531 644 2590 mibi
666 2532 772 2609 pagina
796 2547 907 2609 mores3

87 2622 145 2680 iam
167 2638 271 2700 paoem
293 2626 357 2681 tum
380 2619 454 2679 velle
477 2620 574 2679 doces.
621 2619 673 2679 sed
696 2619 826 2697 percipe,
850 2635 924 2695 quae
948 2620 987 2678 sit

88 2709 221 2770 condicio
245 2708 393 2787 obsequii:
417 2709 517 2768 forsan
540 2714 603 2768 rata
626 2715 711 2786 pacta
733 2705 882 2786 probabis

89 2804 191 2879 testor,
213 2796 314 2878 Roma,
337 2804 422 2857 tuum
445 2797 531 2858 nobis
555 2795 722 2857 venerabile
745 2813 854 2856 nomen

87 2894 116 2947 et
140 2888 253 2947 socium
276 2886 312 2946 de
336 2886 428 2946 Marte
451 2904 545 2964 genus
569 2879 630 2970 (vel
654 2882 794 2964 quicquid
819 2882 854 2943 ab
878 2901 958 2965 aero,

87 2975 130 3035 nil
152 2982 181 3035 te
205 2976 332 3036 mundus
355 2974 444 3035 habet
465 2975 581 3056 melius,
604 2973 646 3035 nil
669 2977 733 3054 ipsa
756 2965 885 3055 senatu),

91 3082 138 3124 me
162 3082 266 3143 pacem
290 3082 407 3124 servare
430 3063 485 3123 tibi
507 3063 553 3124 vel
576 3063 650 3124 vesse
674 3062 800 3143 abolere,

87 3171 161 3232 quae
184 3160 286 3214 noster
308 3155 441 3231 peccavit
463 3171 543 3233 avus,
567 3171 655 3231 quem
679 3152 774 3213 fuscat
796 3150 826 3211 id
850 3170 951 3231 unum,

87 3242 164 3321 quod
189 3249 227 3322 te,
250 3241 350 3323 Roma,
374 3244 464 3322 capit3
488 3242 540 3302 sed
564 3242 595 3301 di
617 3243 643 3302 si
666 3248 732 3301 vota
756 3241 928 3322 secundant,

76 3454 122 3504 174
142 3447 262 3518 arripuit
286 3449 339 3504 GT
363 3452 373 3518 ΙΙ
400 3453 450 3504 481
470 3447 573 3502 fultum
598 3447 699 3518 ΟΥΕ]
723 3447 815 3501 fatum
833 3446 894 3514 Μ’,
921 3444 1012 3499 fotum

89 3527 140 3576 487
160 3519 278 3575 consilio
297 3522 324 3575 Τ
337 3524 348 3593 ff
367 3527 417 3577 501
437 3536 543 3576 numen
561 3520 620 3578 cod.
641 3519 830 3588 Hetucatod.b

823 3603 881 3662 ib*
