2392 3854
134 152 197 215 172
486 151 596 206 LIBER
614 151 788 208 OCTAVUS.

177 442 270 516 eli
299 442 472 515 SOLLIl
499 441 864 515 APOLLINARIS
894 439 1080 514 SIDONII

448 583 833 656 EPISTULARUM

480 761 592 822 LIBER
615 761 792 823 OCTAVUS.

626 952 651 1018 Ι.

309 1073 477 1130 SIDONIUS
496 1074 679 1130 PETRONIO
700 1075 767 1130 SUO
787 1073 967 1131 SALUTEM.

199 1187 227 1251 1.
251 1188 296 1249 Tu
320 1188 440 1267 quidem
462 1188 585 1267 pulchre
615 1182 693 1272 (mos
721 1190 770 1249 bic
797 1194 881 1269 tuus,
909 1195 939 1249 et
961 1176 1118 1268 persevera),

130 1281 176 1338 vir
191 1281 323 1339 omnium
337 1277 492 1358 bonorum,
512 1279 563 1356 qui
582 1279 698 1357 uspiam
717 1278 836 1358 degunt,
854 1277 941 1338 laude
960 1278 1118 1356 dignissime,

131 1367 209 1447 quod
242 1370 405 1428 amicorum
432 1366 557 1447 gloriae,
590 1367 687 1427 sicubi
712 1367 809 1448 locus,
840 1365 1027 1428 lenocinaris.
1067 1365 1118 1425 hiae

104 1464 177 1517 sest
201 1456 278 1535 quod
302 1457 392 1516 etiam
414 1457 525 1516 scrinia
547 1455 678 1516 Arverna
701 1457 778 1534 petis
802 1455 966 1537 eventIlari,
989 1458 1037 1517 cui
1057 1450 1118 1515 sold

130 1564 199 1606 cere
223 1544 462 1624 suspicabamur,
490 1544 611 1623 siquid
639 1546 795 1624 superiore
822 1543 943 1623 vulgatu
969 1544 1118 1624 protulisse

130 1653 205 1694 mus.
255 1636 354 1712 itaque
377 1651 492 1692 morem
516 1651 652 1711 geremus
680 1635 836 1714 iniunctis,
868 1636 1015 1694 actionem
1042 1641 1118 1694 tamen

131 1723 192 1782 stili
215 1730 337 1783 eatenus
360 1724 563 1802 prorogaturi,
589 1728 624 1782 ut
646 1721 840 1801 epistularum
868 1725 979 1783 seriem
1001 1724 1118 1784 nimum

130 1830 146 1871 a
168 1810 332 1889 primordio
359 1809 517 1870 voluminis
545 1811 748 1872 inchoatarum
776 1813 808 1870 in
836 1813 946 1871 extimo
974 1813 1033 1873 fine
1057 1804 1118 1890 paru‘

91 1904 116 1960 io
130 1899 226 1959 adhuc
249 1900 366 1959 numeri
390 1916 504 1958 summa
528 1900 693 1981 protendat,
716 1918 791 1978 opus
813 1899 952 1961 videlicet
970 1900 1118 1980 explicitum

131 1986 258 2066 quodam
281 1988 366 2065 quasi
388 1988 531 2065 marginis
555 1991 602 2048 sui
621 1988 711 2049 limbo
731 1995 915 2049 coronatura.
953 1987 983 2050 2.
1006 1989 1056 2051 sed
1071 1985 1118 2066 plu

130 2076 292 2136 cavendum
320 2084 378 2156 est,
410 2093 447 2135 ne
480 2094 547 2136 sera
576 2085 699 2156 propter
725 2080 784 2137 iam
812 2077 958 2156 propalati
986 2079 1118 2158 augmenta

129 2165 287 2225 voluminis
311 2167 342 2225 in
366 2164 480 2243 aliquos
503 2165 628 2226 forsitan
651 2166 816 2227 incidamus
838 2169 1042 2248 vituperones,
1068 2177 1118 2245 qul·

129 2273 197 2315 rum
220 2255 321 2332 lugere
345 2253 460 2332 linguas
484 2261 550 2315 cote
572 2254 674 2315 livoris
697 2254 873 2316 naturalitus
900 2259 1077 2317 acuminatas
1095 2263 1118 2312 nt

91 2367 116 2407 15
130 2343 336 2404 Demosthenis
371 2342 490 2422 quidem
519 2343 730 2423 Ciceronisque
763 2347 927 2405 sententiae
956 2347 1080 2406 artifices
1102 2345 1118 2398 et

130 2433 246 2512 eloquia
274 2432 356 2492 sabra
382 2437 520 2514 potuere,
548 2450 674 2511 quorum
703 2435 833 2493 anterior
861 2440 961 2494 orator
984 2431 1118 2502 Demaden

129 2523 250 2581 citerior
273 2521 433 2581 Antonium
462 2519 625 2582 toleravere
649 2521 853 2603 derogatores,
886 2525 937 2601 qui
965 2522 1047 2584 lividi
1071 2529 1118 2581 cun

129 2610 240 2670 luerint
262 2609 391 2670 malitiae
414 2609 519 2691 clarae,
545 2610 683 2671 dictionis
708 2610 860 2692 obscurae,
882 2618 982 2673 tamen
1007 2613 1042 2673 ad
1063 2604 1118 2694 notij

128 2701 201 2758 tiam
223 2706 411 2779 posterorum
434 2717 488 2778 per
508 2698 574 2760 odia
592 2700 735 2760 virtutum
754 2699 999 2762 decucurrerunt.
1036 2699 1062 2764 3.
1083 2707 1118 2757 se(

88 2810 115 2848 20
129 2790 198 2866 quia
225 2788 368 2869 hortaris,
399 2789 535 2867 repetitis
567 2787 701 2848 laxemus
732 2787 796 2848 vela
828 2788 998 2851 turbinibus
1031 2798 1059 2850 et
1084 2795 1118 2863 qss'

128 2873 220 2935 veluti
243 2878 336 2936 maria
359 2878 587 2958 transmisimus,
615 2877 672 2937 boc
696 2879 780 2956 quasi
808 2884 945 2956 stagnum
968 2878 1118 2958 pernavige·

128 2980 203 3023 mus.
248 2983 318 3025 nam
342 2967 412 3025 satis
435 2965 530 3025 habeo
554 2964 762 3047 deliberatum,
790 2968 868 3027 sicut
891 2967 1081 3028 adhibendam
1100 2959 1118 3018 it

129 3053 349 3131 conscriptione
378 3053 573 3135 diligentiam,
605 3056 646 3115 ita
677 3055 835 3116 tenendam
858 3057 889 3115 in
918 3056 1047 3117 editione
1068 3062 1118 3113 con*

202 3227 234 3274 14
252 3224 420 3278 naturalibos
444 3226 469 3279 T
492 3226 497 3295 1
522 3223 716 3280 cacuminatus
742 3229 769 3292 (1
794 3227 845 3282 litt.
865 3244 934 3282 cras.
950 3228 988 3281 M
992 3227 1053 3295 ¹)M
1071 3224 1075 3296 Ι
1095 3223 1118 3270 11⁴

128 3295 197 3361 LV,
220 3310 272 3346 nee
291 3294 325 3347 N
327 3295 420 3350 MTO
443 3299 452 3366 ΙΙ
481 3301 513 3350 1o
533 3297 628 3350 orator
646 3297 683 3350 M
689 3296 782 3364 CTP,
806 3299 903 3351 oratur
920 3299 963 3368 N,
991 3281 1118 3353 oraturi

128 3384 178 3421 om.
194 3366 223 3419 F
235 3367 245 3436 ΙΙ
264 3370 295 3418 17
316 3384 355 3418 ou
372 3367 565 3422 secludendum
581 3365 681 3421 liridi?
699 3368 877 3436 LoetJ‘oboao
894 3371 903 3438 ΙΙ
922 3376 955 3424 19
975 3370 1118 3424 decucurre

127 3443 193 3491 runt
211 3437 250 3504 L,
274 3436 504 3491 deraeurrerunt
529 3442 559 3505 (2
578 3439 630 3494 litt.
650 3456 718 3494 eras.
733 3439 818 3492 N²M
825 3440 887 3508 ²)N
888 3441 935 3509 M,
958 3423 1118 3495 decurrerunt

121 3509 250 3582 011120
270 3506 432 3565 turbinibus
452 3509 487 3564 Μ
492 3509 514 3566 (I
519 3511 552 3580 T,
567 3508 720 3565 turbidinis
740 3510 766 3563 L
779 3512 791 3578 ll
