2414 3864
502 153 610 208 LIBER
627 153 788 211 TERTIUS.

615 406 672 471 IV.

345 527 512 583 SIDONIUS
531 528 649 583 FEIdUI
668 528 736 584 SUO
756 528 940 585 subudum

205 640 233 703 1.
256 640 379 701 Gozolas
402 644 521 703 natione
544 642 681 724 Iudaeus,
703 642 797 704 cllens
820 642 960 704 culminis
984 646 1041 725 tui,
1063 644 1114 704 cuit

135 731 209 792 mibi
238 748 355 810 quoque
379 738 459 791 esset
480 750 607 810 persona
631 733 727 813 cordi,
755 735 782 792 si
806 750 868 793 non
890 740 973 793 esset
995 740 1074 794 secta
1094 731 1114 792 d

135 822 260 900 spectui,
279 819 375 879 defert
392 818 507 880 litteras
524 839 616 902 meas,
635 840 708 900 quas
727 821 879 901 granditer
897 824 1005 884 anxins
1023 839 1114 883 exarat

108 907 278 988 coppidum
309 908 457 986 siquidem
488 917 624 970 nostrum
657 912 742 991 quasi
778 910 926 990 quandam
963 913 1012 972 sui
1047 910 1114 971 limit

136 996 251 1057 obicem
274 997 521 1058 circumfusarum
539 998 626 1059 nobis
649 1001 782 1078 gentium
800 1018 882 1060 arma
899 1001 1075 1061 terrificant
1103 1017 1114 1059 s

136 1085 319 1146 aemulorum
342 1085 400 1146 sibi
422 1088 454 1146 in
477 1087 575 1147 medio
597 1091 689 1167 positi
711 1087 903 1149 lacrimabilis
925 1088 1038 1167 praeda
1054 1107 1114 1168 pop

136 1175 246 1256 lorum,
269 1177 400 1253 suspecti
422 1175 697 1258 Burgundionibus,
719 1179 849 1256 proximi
872 1176 992 1259 Gothis,
1015 1181 1114 1239 necin

134 1271 317 1344 pugnantum
340 1267 385 1325 ira
407 1283 463 1325 nec
481 1274 719 1344 propugnantum
738 1284 874 1327 caremus
893 1267 1015 1327 invidia.
1046 1265 1075 1328 2.
1094 1284 1114 1327 st

95 1377 121 1418 ιο
134 1356 223 1415 istinc
250 1353 331 1414 alias.
372 1355 499 1434 interea,
528 1357 554 1414 si
581 1354 628 1415 vel
653 1373 747 1434 penes
774 1374 826 1415 vos
854 1363 936 1416 recta
960 1364 1044 1437 sunt,
1071 1355 1114 1416 ber

134 1451 188 1503 est.
220 1461 317 1522 neque
336 1445 417 1502 enim
435 1442 605 1503 huiusmodi
622 1451 744 1522 pectore
761 1463 873 1525 sumus,
892 1452 934 1526 nt,
952 1443 1025 1505 licet
1038 1451 1114 1524 apert

134 1533 192 1610 ipsi
215 1533 320 1610 poenis
342 1539 466 1611 propter
489 1534 647 1592 criminum
671 1533 786 1593 occulta
807 1532 988 1614 plectamur,
1016 1551 1076 1594 non
1097 1551 1114 1603 a

133 1638 276 1699 prospere
305 1619 350 1679 vel
377 1619 556 1700 ubicumque
586 1621 720 1682 velimus.
766 1640 836 1682 nam
867 1631 984 1683 certum
1015 1631 1061 1683 est
1086 1639 1114 1681 nt

135 1711 233 1770 minus
264 1711 404 1768 vitiorum
436 1728 525 1790 quam
556 1710 687 1771 hostium
717 1728 782 1771 esse
813 1713 976 1792 captivum,
1009 1714 1060 1791 qni
1087 1728 1114 1771 nc

94 1817 120 1858 15
135 1800 222 1858 etiam
246 1800 324 1858 inter
346 1797 422 1858 mala
445 1805 579 1878 tempora
601 1799 678 1860 bona
700 1807 767 1860 vota
790 1803 960 1861 servaverit.
1000 1800 1072 1861 vale.

621 2042 661 2108 V.

321 2164 488 2220 SIDONIUS
506 2164 669 2220 HYPATIO
689 2163 756 2220 SUO
776 2164 954 2220 SALUTEM.

201 2276 229 2338 1.
258 2277 290 2338 Si
317 2281 363 2339 vir
390 2277 560 2358 spectabilis
586 2297 763 2360 morumque
794 2286 963 2340 vestrorum
991 2285 1114 2359 suspect«

133 2367 352 2446 admiratorque
371 2367 514 2429 Donidius
536 2367 628 2428 solam
647 2371 792 2428 rationem
811 2367 991 2429 domesticae
1010 2367 1114 2429 utilitat

132 2455 294 2537 habuisset,
316 2459 387 2518 satis
407 2456 582 2536 abundeque
603 2457 753 2517 sufficeret
771 2457 845 2518 fides
863 2464 963 2518 vestra
982 2455 1114 2518 commod

94 2567 120 2606 20
135 2546 211 2625 suis,
239 2548 296 2607 etsi
323 2545 423 2607 nullus
451 2548 633 2607 intercessor
660 2546 823 2606 accederet.
869 2545 922 2606 sed
950 2564 1051 2607 amore
1079 2563 1114 2606 mr

132 2633 249 2695 ductus
262 2643 317 2717 est,
339 2647 382 2716 ut,
405 2635 484 2716 quod
507 2637 571 2714 ipse
594 2653 649 2713 per
672 2653 703 2695 se
727 2637 946 2716 impetraverat,
968 2653 1017 2695 me
1036 2635 1115 2696 lacer

132 2722 290 2800 postulare.
328 2726 427 2803 itaque
450 2742 529 2785 nune
552 2723 659 2783 honori
681 2731 780 2784 vestro
803 2723 851 2784 hie
871 2741 989 2803 quoqne
1009 2722 1114 2786 cumuli

133 2814 289 2893 accrescit,
312 2813 390 2891 quod
414 2812 473 2873 duo
496 2813 643 2872 efficimur
666 2812 829 2893 debitores,
852 2831 921 2873 cum
943 2820 1046 2873 tamen
1067 2831 1114 2874 unt

133 2917 149 2957 e
172 2898 258 2960 nobis
280 2899 459 2962 heneficium
482 2908 688 2980 consequatur.
729 2899 758 2962 2.
782 2900 1009 2962 Eborolacensis
1032 2900 1114 2982 prael

92 3010 118 3049 as
132 2989 221 3047 ctiam
249 2996 317 3050 ante
343 2989 486 3051 barbaros
513 2989 675 3051 desolatam
700 2990 903 3067 medietatem,
936 3008 1011 3068 quae
1040 2990 1114 3051 donn

131 3079 272 3155 patriciae
292 3081 357 3139 iura
376 3079 462 3139 modo
482 3081 613 3160 respicit,
634 3079 774 3158 suffragio
792 3086 891 3139 vestro
911 3081 972 3139 iuri
991 3098 1046 3140 suo
1065 3086 1115 3160 opt

132 3165 261 3245 adiungi.
307 3185 403 3246 neque
431 3168 467 3228 ad
499 3168 575 3228 hanc
603 3168 848 3229 nundinationem
881 3168 1001 3229 stimulo
1030 3167 1114 3248 cupid

131 3257 201 3315 tatis
221 3255 273 3314 sed
293 3263 431 3334 respectu
449 3259 542 3317 avitae
562 3256 775 3317 recordationis
795 3257 960 3318 adducitur.
996 3257 1113 3338 siquidc

203 3448 219 3497 ὁ
239 3442 382 3510 quandam
400 3443 470 3513 LN,
489 3444 630 3514 quendam
644 3447 682 3500 M
685 3447 737 3502 OT
747 3449 758 3516 l
773 3451 805 3500 16
824 3452 909 3502 totam
926 3463 966 3516 ep.
987 3446 1015 3502 V
1030 3445 1114 3502 canl

123 3516 333 3585 ammptabnem
351 3532 409 3574 cato
426 3533 507 3574 cerm
525 3535 586 3574 cae.
605 3533 658 3574 om.
673 3517 726 3586 Li
