2414 3864
155 162 194 217 Vl
554 159 767 216 PRAEFATIO,

154 329 190 371 ex
214 312 382 372 coniectura
401 311 518 371 videtur
537 312 725 391 emendasse3
749 310 801 370 sed
820 318 919 370 tamen
939 313 1002 372 eius
1021 311 1168 373 lectiones

154 402 291 460 omittere
310 399 405 480 nolui,
425 401 494 478 quia
512 419 654 479 persaepe
678 406 780 460 contra
803 398 935 478 reliquos
959 419 1026 461 cum
1045 401 1068 460 L
1087 401 1167 463 lacit.

152 488 182 549 M
204 495 303 548 autem
330 495 364 549 ut
391 507 506 569 verum,
533 489 586 549 ubi
608 488 661 548 L'l
684 495 797 568 extant,
825 487 906 549 solus
935 489 1010 548 nihil
1038 493 1168 551 servarit

151 580 193 638 ita
223 579 254 637 in
282 580 326 638 eis
353 577 547 656 epistularum
574 577 721 658 partibus,
757 576 808 638 ubi
831 576 875 636 illi
898 577 1018 659 desunt,
1041 581 1166 641 minime

151 666 351 745 neglegendus
375 675 428 726 est.

218 755 299 825 Quae
322 773 390 815 cum
409 757 450 814 ita
469 757 540 836 sint,
564 756 697 834 quamvis
716 754 841 814 multum
860 754 1010 815 Laudiano
1029 756 1166 817 tribuen-

151 844 221 905 dum
246 846 297 924 sit,
321 846 406 904 cuius
430 847 474 903 rei
497 847 529 903 in
552 843 643 904 altera
662 851 745 922 parte
764 843 956 923 praelationis
977 847 1048 905 satis
1071 845 1166 907 multa

151 932 326 993 documenta
354 934 489 1013 alleram,
521 951 581 992 non
613 941 711 993 tamen
744 950 777 992 ea
810 941 856 992 est
882 933 972 993 huius
1000 933 1070 994 libri
1094 952 1165 995 con-

152 1021 246 1102 dicio,
275 1030 309 1082 ut
339 1039 456 1100 semper
488 1040 556 1082 eum
589 1023 674 1100 sequi
705 1021 800 1081 liceat.
854 1020 927 1081 Nam
954 1029 1166 1101 praeterquam

151 1110 229 1189 quod
252 1110 344 1170 multa
367 1128 435 1171 eum
459 1112 595 1171 omisisse
618 1110 759 1190 vidimus,
788 1128 862 1188 quae
886 1112 918 1169 in
941 1120 1024 1189 parte
1049 1118 1165 1171 cetero-

150 1218 217 1259 rum
240 1218 276 1259 ex
300 1199 356 1259 alio
380 1199 538 1279 archetypo
563 1198 697 1278 suppleta
716 1205 798 1279 sunt,
821 1201 885 1278 ipse
906 1218 1023 1279 quoque
1043 1204 1165 1262 nonita

149 1306 243 1367 pauca
274 1287 363 1349 habet
395 1288 508 1348 librarii
541 1306 642 1348 errore
675 1290 736 1348 sive
766 1290 881 1349 incuria
912 1296 1032 1366 peccata
1064 1308 1163 1368 neque

149 1396 273 1455 prorsus
306 1379 349 1438 eis
381 1377 557 1456 corruptelis
589 1383 684 1457 vacat,
716 1395 791 1456 quae
825 1376 971 1455 quandam
1001 1377 1162 1456 interpola-

148 1468 239 1525 tionis
273 1468 473 1545 suspicionem
505 1484 623 1526 movere
655 1467 779 1544 possint.
825 1465 866 1526 (ΙΙ.
895 1484 940 1544 ep.
959 1465 981 1545 Ι,
1003 1466 1030 1546 1,
1055 1463 1072 1526 l
1108 1487 1162 1530 eas

149 1572 268 1625 omaes;
290 1553 391 1635 1‚8,2
411 1562 529 1616 ventres
549 1558 652 1630 fluant
669 1548 796 1636 (C'l'llll
815 1562 894 1614 recte
914 1562 1016 1615 turres
1028 1558 1162 1631 fluuoi);

148 1642 193 1724 Vl,
215 1640 280 1723 1,3
310 1647 490 1704 triariorum
512 1662 566 1722 pro
589 1646 801 1704 trahariorum
829 1645 1015 1722 maximoque
1038 1643 1059 1724 Ι,
1080 1641 1109 1724 9,
1130 1643 1160 1726 3,

148 1731 212 1812 ubi,
241 1731 318 1810 qnod
346 1750 400 1810 pro
427 1751 498 1793 sera
525 1734 557 1791 in
584 1731 607 1790 L
635 1731 744 1810 legitur
770 1736 866 1806 seria,
902 1732 1089 1792 antecedenti
1116 1733 1163 1794 illi

149 1824 285 1882 iucunda
304 1820 437 1881 consulto
453 1822 621 1899 oppositum
634 1820 759 1881 videtur.
784 1821 871 1882 Certe
885 1819 1041 1881 librarium
1056 1821 1162 1883 Latine

148 1908 386 1969 indoctissimum
405 1909 511 1989 fuisse,
534 1908 564 1967 id
584 1909 662 1987 quod
681 1908 740 1968 Leo
759 1909 835 1989 vult,
859 1909 997 1988 equidem
1015 1928 1075 1970 non
1095 1930 1161 1972 cre-

148 1997 288 2077 diderim,
316 1997 386 2058 licet
413 1997 572 2058 concedam
596 1997 752 2057 nonnullas
775 1999 945 2058 huiusmodi
975 1999 1161 2078 corruptelas

148 2085 184 2145 ad
216 2087 326 2146 variam
356 2085 513 2147 lectionem
545 2088 576 2146 in
608 2089 758 2146 communi
790 2086 948 2166 archetypo
981 2087 1163 2166 adscriptam

148 2175 254 2234 reterri
276 2193 364 2253 posse
389 2168 439 2258 (cl.
455 2194 500 2254 ep.
515 2175 572 2256 Vll,
588 2171 638 2256 14,
652 2173 681 2255 3,
700 2175 752 2236 ubi
775 2175 883 2254 duplex
908 2177 1054 2253 scriptura
1074 2185 1161 2239 ariu-

149 2267 228 2324 tidus
256 2265 287 2323 in
314 2264 338 2323 L
361 2272 476 2324 servata
499 2272 556 2345 est,
588 2267 620 2324 in
648 2263 699 2323 ἸΙ
723 2267 851 2325 artabus
873 2265 994 2344 legitur,
1021 2266 1053 2324 in
1076 2264 1162 2327 MCP

148 2355 290 2426 artibus).
327 2352 399 2412 Utut
422 2360 481 2433 est,
503 2372 541 2413 ne
560 2353 710 2413 Laudiano
730 2353 851 2432 quidem
871 2355 914 2413 sic
935 2361 1047 2413 temere
1071 2355 1162 2416 fidem

147 2440 312 2502 habendam
336 2448 418 2502 ratus
438 2434 488 2524 (cl.
504 2460 549 2521 ep,
568 2441 639 2522 Vlll,
654 2440 683 2520 4,
698 2439 728 2522 4,
746 2441 810 2522 ubi,
835 2442 912 2520 quod
935 2441 1161 2520 Luetjohannus

147 2547 206 2589 uno
225 2530 248 2589 L
267 2533 354 2591 nixus
369 2533 545 2608 principale
568 2539 596 2592 te
615 2533 744 2611 scripsit,
768 2530 858 2590 simili
881 2530 945 2591 loco
970 2549 1014 2609 ep.
1029 2530 1078 2611 ΙΙΙ,
1094 2530 1124 2614 3,
1140 2531 1161 2594 3

147 2618 271 2679 refutari
293 2612 471 2701 videbatur),
490 2638 558 2680 cum
577 2638 611 2679 ex
632 2622 684 2700 eis,
708 2637 782 2698 quae
802 2618 1033 2700 Gustafssonius,
1052 2619 1161 2700 Engel-

146 2706 299 2769 brechtius
328 2703 498 2791 (‘Beitrage
521 2727 575 2768 zur
597 2707 670 2768 Krit.
693 2727 722 2768 u.
745 2707 859 2768 Erklir.
883 2708 909 2768 d.
934 2708 1031 2768 Briete
1056 2709 1082 2770 d.
1106 2711 1161 2791 dp.

148 2789 254 2879 Sid'),
282 2797 481 2858 Chatelainius
513 2790 613 2881 (‘Rev.
637 2792 714 2857 crit’
738 2815 766 2856 n.
788 2795 828 2859 16
849 2817 876 2876 p.
897 2792 1087 2882 308—311)
1122 2800 1161 2860 de

147 2884 283 2945 codicum
307 2885 534 2947 Sidonianorum
557 2887 671 2946 ratione
695 2894 908 2967 exposuerunt,
936 2885 1161 2971 intellexissem,

147 2982 329 3052 quantopere
352 2977 511 3035 interesset
538 2975 574 3034 ad
598 2992 702 3035 novam
730 2977 935 3035 recensionem
966 2974 1038 3035 alios
1066 2975 1160 3038 libros

102 3066 129 3120 N
148 3061 191 3120 illi
225 3081 312 3140 quam
344 3062 511 3123 simillimos
547 3065 754 3142 imprimisque
791 3064 924 3124 codicem
956 3063 1160 3126 Parisinum

148 3147 257 3212 18584
277 3170 300 3212 s.
318 3149 345 3210 X
363 3151 515 3233 adhibere,
539 3171 627 3231 quem
646 3150 867 3230 Luetjohannus
886 3155 950 3230 ipse
973 3159 1068 3212 totum
1089 3172 1160 3215 con-

146 3238 228 3320 lulit,
255 3240 310 3300 hac
338 3239 492 3301 collatione
521 3240 652 3301 Berolini
680 3247 794 3301 servata
821 3250 854 3301 nt
880 3240 954 3301 mihi
977 3243 1022 3301 uti
1045 3241 1160 3325 liceret,

146 3331 307 3408 impetrare
335 3336 456 3389 conatus
485 3348 564 3410 sum3
593 3329 671 3408 quod
700 3331 798 3407 ipsum
827 3331 884 3389 etsi
912 3329 987 3389 mihi
1018 3339 1160 3409 negatum

147 3424 205 3497 est,
236 3417 266 3476 id
295 3417 414 3496 quidem
443 3417 586 3496 singulari
613 3417 644 3479 E.
669 3417 850 3478 Duemmleri
873 3417 1048 3479 liberalitate
1077 3439 1159 3482 asse-

138 3512 230 3562 cutus
251 3524 332 3587 sum,
369 3513 400 3568 ut
432 3506 570 3568 omnihus
596 3506 669 3568 locis
693 3507 878 3586 gravioribus
901 3507 1044 3568 lectiones
1068 3510 1160 3571 huius
