2392 3854
145 160 209 226 138
508 159 619 215 Libuit
636 160 782 217 SEXTUS.

142 309 285 389 exemplis
312 317 462 389 tamquam
489 327 550 370 non
577 310 693 371 idoneis
720 309 878 389 religiosus
900 307 1037 372 laudatus
1065 312 1155 373 olien-

142 399 238 480 ditur,
272 401 401 478 seposita
436 399 554 478 mystici
585 398 755 460 intellectus
783 401 950 459 reverentia
977 399 1154 462 venerabilis

141 487 326 568 patriarchae
346 487 452 567 loseph
469 487 653 548 historialem
671 486 856 566 diligentiam
870 505 1086 569 comparemus,
1105 492 1156 568 qui

143 585 246 639 contra
269 576 455 638 sterilitatem
478 583 594 656 septem
611 575 719 637 uberes
737 595 831 637 annos
850 578 1052 638 insecuturam
1071 577 1154 640 lacile

113 666 273 745 sproridit
295 664 469 746 remedium,
492 665 571 744 quod
593 665 748 744 praevidit
790 663 953 726 secundum
975 673 1076 727 tamen
1094 685 1155 727 mo·

141 753 234 816 ralem
266 757 445 815 sententiam
475 753 551 815 nihil
581 754 693 815 iudicio
724 772 790 814 meo
822 756 921 814 minor
950 761 1010 836 est,
1043 757 1095 834 qui
1124 757 1155 816 in

143 845 370 922 superveniente
398 842 489 902 simili
520 845 697 903 necessitate
725 860 785 903 non
812 842 922 903 divinat
951 849 981 904 et
1009 843 1154 906 subvenit.

142 930 172 993 8.
202 939 396 1012 quapropter,
429 933 486 991 etsi
517 931 554 992 ad
586 933 736 1010 integrum
768 933 904 993 conicere
936 949 998 993 non
1024 950 1156 1014 possum,

142 1026 267 1097 quantas
285 1019 341 1080 tibi
354 1021 464 1098 gratias
478 1018 665 1081 Arelatenses
679 1019 832 1101 Reienses,
849 1020 1047 1103 Avenniocus,
1065 1022 1156 1083 hrau-

104 1123 130 1162 10
144 1110 292 1168 sionensis
320 1127 438 1188 quoque
466 1117 496 1169 ct
522 1108 671 1189 AlbensiS,
698 1108 926 1187 Valentinaeque
954 1126 1101 1194 necnon
1127 1117 1157 1171 et

140 1196 323 1258 Tricastinae
342 1197 426 1259 urbis
444 1216 600 1276 possessor
614 1196 752 1278 exsolvat,
771 1199 839 1276 quia
853 1196 975 1258 diliioilc
988 1204 1037 1259 est
1050 1216 1156 1261 eorum

141 1304 177 1346 ex
204 1304 270 1347 asse
298 1294 364 1347 rota
387 1289 499 1368 metiri,
528 1285 636 1365 quibus
664 1288 783 1347 noveris
805 1284 975 1347 alimoniam
999 1288 1066 1347 sine
1090 1305 1155 1349 asse

141 1373 289 1457 collatam,
316 1375 442 1436 Arverni
469 1383 568 1436 tamen
596 1375 697 1455 oppidi
724 1393 778 1454 ego
806 1376 926 1435 nomine
953 1373 1066 1436 uberes
1089 1394 1155 1456 per·

141 1482 228 1542 quam
255 1467 365 1542 gratias
392 1481 460 1543 ago,
488 1465 538 1524 oui
564 1470 598 1525 ut
621 1481 796 1525 succurrere
818 1462 1013 1543 meditarere,
1042 1481 1106 1526 non
1126 1471 1155 1526 te

101 1564 127 1606 11
141 1554 309 1613 communio
332 1554 511 1634 provinciae,
536 1570 597 1613 non
619 1555 793 1631 proximitas
817 1553 955 1633 civitatis,
982 1570 1045 1613 non
1069 1571 1156 1634 opor·

139 1643 249 1701 tunitas
277 1641 373 1721 ilurii,
403 1659 464 1702 non
490 1640 599 1703 oblatio
627 1643 717 1720 pretii
744 1641 875 1701 adduxit.
922 1637 952 1701 9.
980 1643 1084 1720 itaque
1111 1644 1155 1703 in·

140 1736 242 1806 gentes
268 1748 324 1809 per
349 1747 397 1790 me
427 1729 560 1791 referunt
588 1737 700 1810 grates,
727 1728 835 1808 quibus
858 1728 965 1808 obtigit
986 1748 1043 1809 per
1066 1732 1151 1810 panis

139 1818 184 1877 tui
206 1817 415 1878 abundantiam
438 1818 474 1878 ad
498 1820 545 1878 sui
568 1818 777 1880 sufficientiam
799 1819 964 1897 pervenire.
1012 1820 1106 1898 igitur
1128 1820 1154 1879 si

139 1905 271 1966 mandati
302 1906 393 1965 officii
424 1908 524 1967 munia
557 1909 628 1967 satis
660 1908 763 1968 videor
794 1906 948 1987 implesse,
988 1925 1026 1967 ex
1057 1907 1152 1987 legato

99 2011 127 2050 eo
141 1995 262 2054 nuntius
293 2012 353 2054 ero.
399 1993 479 2054 ilicet
507 1997 582 2055 scias
610 1995 689 2056 volo:
716 2014 771 2075 per
799 2013 917 2056 omnem
944 1996 1152 2076 1111111111ιυὶ-

139 2084 248 2142 taniam
275 2081 368 2161 gloria
395 2089 458 2163 tua;
486 2085 594 2143 amaris
622 2083 763 2165 laudaris,
790 2084 971 2145 desideraris
995 2085 1149 2164 excoleris,

140 2173 272 2231 omnium
295 2171 480 2252 pectoribus,
507 2174 640 2234 omnium
661 2175 746 2233 votis.
784 2173 863 2232 inter
884 2172 958 2233 haec
981 2180 1148 2253 temporum

139 2260 215 2321 mala
233 2260 329 2322 bonus
348 2261 496 2341 sacerdos
518 2260 614 2322 bonus
631 2270 725 2342 pater,
747 2259 844 2322 bonus
862 2278 958 2321 annus
977 2279 1019 2344 es,
1042 2261 1147 2342 quibus

140 2352 398 2430 operaepretium
428 2349 484 2411 luit
506 2350 572 2410 deri
599 2351 707 2411 famem
732 2368 815 2411 suam
838 2349 986 2431 periculo,
1017 2350 1149 2412 sialiter

37 2444 39 2449 '
100 2456 127 2495 11
141 2456 206 2499 1111
229 2457 290 2499 non
313 2445 429 2518 poterat
450 2445 501 2499 tua
524 2438 644 2517 largitas
667 2441 879 2518 experimento.
920 2456 1036 2500 memor
1059 2439 1150 2500 noshi

16 2584 30 2625 t
141 2545 206 2587 1111
230 2528 366 2609 dignare,
390 2528 509 2588 domine
532 2546 615 2607 papa.

211 2721 225 2768 1
244 2732 302 2769 non
318 2733 370 2773 om.
391 2716 420 2784 0,
437 2734 457 2772 e.
478 2718 495 2773 l.
514 2717 579 2772 odd.
598 2714 654 2783 Μ’,
671 2715 763 2770 minus
781 2717 862 2787 culpo
880 2718 889 2784 ΙΙ
908 2722 924 2770 5
942 2715 1079 2771 moralem
1095 2729 1143 2770 oea.

141 2785 214 2909 fflg
232 2785 408 2927 &pelpplenlspsu
424 2787 561 2858 Regensis
575 2788 775 2857 Luetjoloannll
790 2792 821 2842 19
840 2785 928 2841 officii
946 2804 1015 2844 corr.
1033 2804 1068 2843 ex
1084 2784 1143 2840 offi-
