2414 3864
174 146 342 203 ennomus
361 145 516 201 nrnmno
536 145 604 202 suo
625 145 804 201 sanorum.
929 143 994 208 237

106 308 135 359 oo
158 297 182 357 Ε
207 297 315 376 quihus
338 299 468 376 primum
491 295 565 356 mihi
587 294 692 374 psallat
713 295 855 376 hymnuS,

165 389 217 465 qui
239 386 407 446 Tolosatem
430 387 527 446 tenuit
549 384 732 464 cathedram,

165 475 201 535 de
226 475 319 554 gradu
343 492 457 535 summo
481 473 693 552 Capitoliorum

285 565 524 643 praecipitatum3

165 705 259 776 Quem
281 712 453 785 negatorem
476 704 553 764 lovis
577 722 611 765 ac
633 703 781 765 Minervae

110 807 141 855 to
165 802 194 855 et
217 797 314 855 crucis
338 794 450 855 Christi
472 792 549 853 hona
573 794 764 853 confitentem

165 885 259 944 uinxit
281 883 317 943 ad
340 885 419 943 tauri
443 882 518 942 latus
542 884 667 960 iniugati

285 971 369 1051 plebs
394 970 565 1051 furibunda,

167 1113 205 1174 Ut
226 1132 281 1193 per
304 1112 463 1193 abruptum
485 1111 559 1172 bove
583 1114 729 1172 concitato

168 1209 319 1282 spargeret
342 1220 447 1263 cursus
470 1201 601 1262 lacerum
625 1201 748 1261 cadaver

106 1304 141 1355 75
166 1291 300 1353 cautibus
322 1293 424 1352 tinctis
449 1290 542 1351 calida
565 1291 654 1351 soluti

287 1379 369 1460 pulte
393 1378 518 1440 cerebri.

167 1522 237 1583 Post
260 1522 453 1584 Saturninum
474 1522 540 1583 rolo
563 1521 676 1601 plectra
700 1528 831 1602 cantent,

168 1629 241 1690 quos
264 1619 458 1691 patronorum
481 1611 613 1690 reliquos
636 1610 758 1690 probavi

169 1703 255 1760 anxio
279 1701 369 1761 duros
392 1700 467 1761 mihi
483 1718 543 1779 ,per
565 1699 682 1760 labores

102 1802 139 1852 80
289 1789 453 1870 auxihatos‚

169 1931 306 2010 Singulos
331 1950 405 2010 quos
427 1949 507 1992 nunc
529 1933 578 2010 pia
601 1932 794 2009 nuncupatim

168 2038 228 2079 non
250 2018 348 2080 valent
369 2038 458 2081 versu
482 2018 621 2080 cohihere
644 2019 746 2101 verba3

171 2127 244 2188 quos
267 2115 366 2169 tamen
389 2109 516 2170 chordae
538 2116 692 2186 nequeunt
715 2127 834 2191 sonare,

289 2197 378 2258 corda
401 2197 554 2258 sonabunt.

60 2355 79 2422 l.
99 2359 257 2420 redeamus
271 2361 303 2420 in
317 2359 375 2419 fine
390 2357 426 2419 ad
446 2359 607 2418 oratorium
627 2357 729 2418 stilum
742 2359 895 2418 materiam
914 2376 999 2436 prae·

60 2468 100 2510 tm
124 2450 276 2528 proposito
300 2447 393 2508 semel
416 2446 519 2507 ordine
541 2448 740 2527 terminaturi,
758 2465 807 2528 ne,
826 2447 852 2506 si
875 2445 999 2525 epilogis

61 2541 108 2599 cis
142 2554 215 2615 opus
247 2538 415 2615 prosarium
446 2535 654 2618 clauserimus,
688 2535 851 2596 secundum
882 2534 999 2612 regulas

60 2628 95 2707 ri,
126 2623 179 2686 ubi
202 2624 341 2703 amphora
365 2627 463 2703 coepit
484 2626 615 2707 institui,
642 2642 751 2685 urceus
779 2626 878 2703 potius
902 2625 999 2683 exisse

60 2722 129 2775 rtur.
171 2712 242 2774 vale.
1015 2727 1028 2769 5

60 2910 72 2958 1
93 2901 148 2958 fine
167 2901 358 2972 Ineetjoltouo,
376 2901 460 2956 finem
477 2904 555 2959 codd.
570 2905 609 2973 {14
627 2903 663 2972 cf.
683 2902 783 2959 Horat.
803 2921 830 2957 a.
846 2919 876 2972 p.
891 2903 974 2972 21⁸4
994 2900 1003 2973 ll
