2414 3864
260 173 429 230 SIDONIUS
448 173 612 255 HERENIO
633 173 701 229 SUO
722 173 898 231 SALUTEM.
1045 176 1085 239 19

67 344 137 386 esse
156 325 349 405 parcendum,
369 323 476 403 quibus
496 323 570 384 caeli
585 326 632 384 sui
646 324 713 384 dote
729 326 876 384 contentis
890 342 951 384 non
965 325 1085 404 grandis

66 414 164 494 gloria
188 415 284 496 datur,
308 414 334 473 si
357 413 539 473 deteriorum
563 412 719 474 collatione
744 412 915 473 clarescant.
945 413 1017 474 vale.

547 639 603 704 IX.

223 764 228 773 ’
257 761 427 817 SIDONIUS
446 761 610 816 HERENIO
631 761 699 816 SUO
719 761 898 819 SALUTEM.

138 874 167 937 1.
190 875 262 936 Post
284 878 403 955 nuptias
426 877 544 954 patricii
562 875 730 955 Ricimcris,
753 875 784 935 id
808 881 854 935 est
876 883 943 954 post
966 877 1085 955 imperii

64 969 226 1044 utriusque
250 983 322 1045 opes
342 964 514 1025 eventilatas
532 965 653 1025 tandem
672 964 801 1024 reditum
820 971 866 1024 est
884 967 915 1024 in
934 965 1083 1044 publicam
1110 986 1124 1027 5

67 1058 251 1135 serietatem,
270 1073 345 1134 quae
365 1053 455 1114 rebus
475 1053 631 1114 actitandis
650 1055 768 1114 ianuam
788 1071 984 1133 campumque
1002 1063 1084 1134 pate-

64 1144 145 1205 fecit.
192 1146 306 1204 interea
333 1161 389 1203 nos
415 1141 499 1203 Pauli
525 1144 715 1222 praefectorii
744 1149 805 1202 tam
833 1142 968 1203 doctrina
996 1163 1083 1222 quam

65 1235 224 1294 sanctitate
242 1231 420 1293 venerandis
438 1231 552 1292 laribus
567 1233 684 1311 excepti
698 1234 823 1292 comiter
841 1230 965 1292 blandae
984 1232 1084 1312 hospi·

64 1321 189 1383 talitatis
223 1322 329 1382 officiis
362 1320 578 1382 excolebamur.
628 1338 718 1400 porro
751 1338 812 1381 non
839 1322 897 1380 isto
926 1322 1083 1399 quIsquam

63 1414 130 1472 viro
154 1419 201 1471 est
227 1412 259 1471 in
283 1412 364 1470 omni
391 1412 499 1470 artium
522 1427 631 1488 genere
654 1411 861 1488 praestantior.
898 1409 972 1470 deus
995 1409 1082 1492 bone,
1097 1432 1123 1472 10

64 1519 143 1580 quae
172 1499 221 1560 ille
249 1498 504 1579 propositionibus
532 1500 711 1579 aenigmata,
739 1499 896 1559 sententiis
925 1499 1084 1581 schemata,

63 1588 203 1650 versibus
228 1594 382 1669 commata,
405 1587 506 1666 digitis
529 1588 750 1649 mechanemata
774 1585 856 1648 lacit!
887 1586 959 1648 illud
983 1595 1083 1649 tamen

63 1681 95 1739 in
116 1678 221 1739 eodem
240 1677 408 1738 studiorum
427 1679 559 1738 omnium
578 1676 696 1737 culmen
710 1678 872 1757 antevenit,
896 1677 975 1755 quod
994 1677 1083 1738 habet

63 1768 135 1828 huic
169 1769 313 1827 eminenti
340 1767 481 1826 scientiae
509 1768 721 1826 conscientiam
750 1768 944 1845 superiorem.
990 1768 1082 1845 igitur

62 1875 120 1936 per
142 1856 222 1916 hunc
245 1857 384 1936 primum,
408 1857 434 1915 si
458 1857 524 1935 quis
549 1872 666 1934 quoquo
690 1855 778 1915 modo
798 1857 829 1915 in
848 1855 945 1916 aulam
968 1858 1080 1934 gratiae
1096 1875 1121 1916 15

63 1945 173 2026 adituS,
191 1944 327 2026 explor03
351 1962 419 2004 cum
436 1943 493 2005 hoc
512 1945 642 2024 consero,
666 1946 787 2022 quinam
806 1946 995 2023 potissimum
1013 1965 1082 2025 pro·

62 2052 168 2096 cerum
193 2033 303 2113 spebus
326 2033 437 2093 valeret
455 2035 566 2094 nostris
586 2032 733 2112 opitulari.
772 2031 800 2093 2.
824 2051 879 2093 nec
899 2052 970 2094 sane
989 2034 1082 2094 multa

63 2125 226 2203 cunctatio,
250 2124 319 2201 quia
337 2124 433 2203 pauci,
453 2123 489 2182 de
509 2141 636 2201 quorum
655 2121 791 2201 eligendo
810 2125 977 2201 patrocinio
996 2122 1081 2183 dubi-

62 2218 186 2272 taretur.
238 2217 324 2272 erant
357 2210 477 2291 quidem
509 2213 541 2271 in
574 2218 678 2271 senatu
710 2211 846 2290 plerique
875 2211 980 2291 opibus
1009 2211 1081 2271 culti

61 2319 173 2380 genere
202 2298 359 2381 sublimes,
392 2306 486 2360 aetate
514 2318 618 2379 graves
648 2300 772 2360 consilio
800 2299 905 2380 utiles,
938 2300 1121 2379 dignitatem

65 2389 137 2451 elati
165 2389 335 2468 dignatione
365 2407 550 2469 communes,
579 2389 631 2450 sed
656 2395 770 2449 servata
797 2407 870 2468 pace
896 2387 1080 2467 reliquorum

63 2479 124 2540 duo
144 2479 361 2557 fastigatissimi
380 2477 561 2559 consulares,
581 2477 750 2538 Gennadius
764 2477 892 2537 Avienus
912 2483 942 2537 ct
955 2477 1080 2538 Caecina

61 2567 206 2648 BasiliuS,
233 2585 304 2646 prae
334 2569 441 2627 ceteris
470 2565 736 2646 conspiciebantur.
784 2566 815 2625 bi
843 2567 874 2626 in
897 2566 1079 2646 amplissimo

62 2657 168 2718 ordine
189 2658 320 2736 seposita
337 2657 541 2735 praerogativa
559 2657 652 2735 partis
672 2661 800 2715 armatae
819 2654 904 2715 facilc
923 2662 991 2735 post
1009 2674 1079 2735 pur-

60 2753 202 2827 puratum
225 2747 392 2825 principem
416 2747 569 2825 principes
588 2751 680 2804 erant.
714 2743 765 2803 sed
789 2746 868 2804 inter
886 2743 940 2804 hos
960 2762 1078 2824 quoque
1093 2766 1119 2808 25

60 2853 241 2916 quamquam
273 2834 412 2912 stupendi
443 2841 541 2894 tamen
574 2835 648 2894 varii
679 2851 778 2893 mores
812 2840 841 2893 et
871 2835 951 2912 genii
978 2836 1078 2913 potius

60 2943 152 3004 quam
180 2926 293 3003 ingenii
316 2922 487 2984 similitudo.
534 2922 617 2983 fabor
640 2941 767 3000 namque
792 2940 882 3000 super
909 2923 956 2982 bis
981 2923 1079 3004 aliqua

60 3015 251 3074 succinctius
289 3010 320 3074 3.
346 3013 475 3072 Avienus
488 3013 534 3084 ‚ad
559 3011 743 3072 consulatum
767 3010 921 3093 felicitate,
949 3011 1077 3074 Basilius

59 3105 171 3163 virtute
197 3113 382 3182 pervenerat.
429 3103 527 3179 itaque
556 3101 731 3180 dignitatum
760 3102 791 3160 in
813 3100 924 3161 Avieno
948 3102 1078 3163 iucunda

133 3332 149 3381 3
169 3325 284 3381 herenio
304 3326 370 3381 ΕΝ
373 3327 409 3396 Τ,
427 3324 673 3396 1111011οΜ018
693 3324 846 3379 venerandi
867 3325 898 3378 F
908 3327 947 3393 l9
970 3324 1077 3378 excole·

59 3397 162 3452 bamur
180 3414 263 3469 porro
282 3415 333 3453 om.
352 3415 391 3468 sp.
407 3403 442 3452 14
461 3400 478 3453 l.
497 3416 522 3454 o.
542 3397 569 3450 L
595 3399 605 3466 1
633 3403 666 3451 13
686 3397 787 3452 eodem
807 3397 884 3465 LN,
905 3413 978 3452 corr.
997 3413 1032 3450 eo.
1050 3411 1087 3448 eo

60 3471 168 3540 M2T1,
186 3486 219 3525 eo
243 3469 298 3524 Vc
305 3471 318 3539 11
332 3474 366 3522 17
384 3485 451 3524 sene
467 3468 559 3524 multa
578 3470 728 3528 cunctatio
750 3489 803 3529 om.
824 3474 898 3544 spi
917 3470 979 3525 litt.
998 3485 1028 3522 o.
1045 3464 1114 3535 111

60 3548 95 3597 23
105 3547 177 3610 poet
188 3539 223 3592 In'
235 3541 282 3609 leq.
302 3555 367 3592 nam
387 3541 417 3594 in
436 3541 486 3611 Τ1
499 3549 534 3599 26
547 3553 618 3616 poet
636 3565 738 3605 mores
757 3548 814 3624 lep.
835 3545 924 3604 erant
943 3543 982 3598 iu
999 3539 1062 3606 Tb

914 3634 956 3692 2*
