2392 3854
132 156 177 224 56
495 158 604 214 LIBER
621 158 784 215 TERTIUS.

132 311 218 390 prius
251 308 396 388 applicata
429 316 509 369 esset
537 311 763 390 oppugnationi,
795 315 825 369 te
852 311 916 370 viso
945 327 1005 369 non
1029 316 1075 370 est
1098 327 1146 370 ex·

133 399 240 479 plicata
269 399 450 477 congressui.
496 399 611 458 interea
638 405 671 458 tu
699 400 793 459 caesis
822 397 990 480 quibusque
1019 401 1149 480 optimis,

135 507 209 568 quos
232 489 410 548 novissimos
434 488 545 565 agmini
572 503 633 546 non
660 489 775 564 ignavia
798 486 851 548 sed
879 487 1001 548 audacia
1029 487 1148 568 fecerat,

134 577 224 638 nullis
247 584 367 638 tuorum
390 578 551 636 certamine
575 594 611 636 ex
629 583 710 636 tanto
730 575 1009 637 desideratis'solus
1027 575 1149 656 planitie

108 684 225 746 squam
243 666 448 746 patentissima
465 663 628 745 potiebare,
652 683 720 725 cum
738 664 794 725 tibi
812 682 872 724 non
891 665 976 726 daret
988 672 1034 726 tot
1052 683 1150 746 pugna

136 757 242 835 socios,
266 762 337 833 quot
361 752 435 813 solet
458 770 561 814 mensa
579 755 724 814 convivas.
769 751 799 816 5.
822 753 892 815 hinc
910 755 969 814 iam
987 773 1043 834 per
1057 757 1150 816 otium

136 847 168 905 in
190 842 296 904 urbem
320 841 424 902 reduci
447 842 518 921 quid
546 841 603 902 tibi
631 841 746 902 obviam
774 845 956 922 processerit
984 843 1152 905 officiorum

136 933 303 1014 plausuum,
321 931 445 991 fletuum
460 930 645 1012 gaudiorum,
662 933 757 1010 magis
773 938 920 1010 temptant
933 939 1000 992 vota
1014 935 1152 995 conicere

138 1039 227 1102 quam
249 1020 339 1081 verba
365 1037 509 1081 reserare.
556 1020 704 1099 siquidem
727 1039 850 1081 cernere
874 1029 938 1081 erat
960 1021 1081 1083 refertis
1105 1040 1152 1083 ca·

97 1112 313 1191 rapacissimae
341 1107 447 1168 domus
476 1111 560 1169 atriis
588 1107 669 1169 illam
696 1112 790 1189 ipsam
818 1108 1022 1170 felicissimam
1051 1112 1154 1190 stipati

137 1199 251 1260 reditus
279 1200 324 1260 tui
352 1199 531 1279 orationem,
564 1197 635 1258 dum
665 1197 715 1259 alii
742 1197 851 1258 osculis
881 1198 1034 1277 pulverem
1067 1206 1154 1260 tuum

136 1290 266 1369 rapiunt,
290 1287 340 1349 alii
363 1289 506 1366 sanguine
530 1305 564 1348 ac
588 1289 702 1367 spumis
724 1288 845 1366 pinguia
868 1286 952 1348 frena
975 1290 1154 1369 suscipiunt,

138 1378 188 1439 alii
212 1377 352 1438 sellarum
376 1377 560 1456 equestrium
582 1376 745 1436 madefacta
768 1375 927 1436 sudoribus
951 1376 1047 1437 fulcra
1070 1395 1155 1438 resu-

138 1469 251 1548 pinant,
274 1466 325 1526 alii
349 1465 386 1526 111
410 1483 538 1526 concavo
561 1463 617 1525 tibi
640 1464 764 1526 cassidis
783 1466 899 1525 exituro
918 1464 1065 1526 flexilium
1083 1465 1155 1526 lam-

99 1577 124 1620 15
139 1559 286 1616 minarum
304 1553 400 1614 vincla
423 1553 599 1634 diffibulant,
622 1553 672 1614 alii
690 1551 873 1632 explicandis
897 1572 1054 1615 ocrearum
1072 1557 1156 1617 nexi-

138 1644 195 1705 bus
218 1643 418 1722 implicantur,
446 1642 497 1703 alii
519 1642 725 1703 hebetatorum
754 1642 843 1703 caede
873 1642 1039 1721 gladiorum
1062 1643 1157 1705 latera

139 1733 258 1794 dentata
284 1738 510 1812 pernumerant,
538 1730 588 1791 alii
617 1733 727 1792 caesim
754 1738 842 1810 atquc
869 1733 1006 1810 punctim
1034 1731 1156 1794 forami-

139 1828 224 1882 natos
257 1817 385 1881 circulos
415 1817 575 1880 loricarum
605 1820 707 1898 digitis
738 1819 950 1881 livescentibus
981 1823 1157 1884 metiuntur.

140 1909 170 1972 6.
193 1909 242 1970 hic
274 1908 345 1969 licet
375 1907 462 1967 multi
489 1907 693 1986 complexibus
724 1917 844 1970 tuorum
875 1908 1076 1988 tripudiantes
1108 1911 1157 1971 ad-

100 2024 125 2064 11
139 1999 358 2078 haerescerent,
380 1998 413 2056 in
435 2003 464 2057 te
484 1998 630 2057 maximus
653 2004 753 2058 tamen
776 1997 906 2059 lactitiae
924 1998 1078 2078 popularis
1103 2002 1157 2060 im-

139 2093 227 2168 petus
242 2084 471 2167 congerebatur3
489 2086 670 2165 tandemque
689 2088 721 2145 in
739 2086 857 2147 turbam
873 2089 1019 2147 inermem
1035 2088 1158 2167 quidem

140 2195 265 2238 veneras
289 2175 341 2236 scd
365 2174 402 2235 de
426 2182 535 2254 quate
559 2193 615 2236 nec
638 2183 768 2236 armatus
792 2174 955 2256 evolveres,
978 2176 1158 2257 ferebasque

140 2268 284 2327 nimirum
308 2263 457 2342 eleganter
484 2266 612 2344 ineptias
640 2264 839 2344 gratulantum
863 2273 907 2346 et,
935 2264 1007 2325 dum
1035 2268 1158 2328 inruen-

140 2363 206 2417 tum
228 2353 411 2416 tumultuoso
435 2353 575 2433 diriperis
603 2352 753 2435 amplexu,
781 2349 820 2414 eo'
844 2353 1030 2415 condicionis
1059 2373 1158 2417 acces-

102 2463 225 2507 asseras
248 2444 401 2524 piissimus
424 2441 537 2521 publici
559 2444 670 2502 amoris
693 2444 851 2523 interpres,
875 2449 908 2503 ut
930 2461 1055 2504 necesse
1079 2452 1159 2507 esset

143 2533 187 2593 illi
210 2532 380 2594 uberiorem
403 2531 515 2593 referre
538 2537 568 2592 te
592 2533 729 2613 gratiam,
757 2534 809 2611 qui
836 2530 892 2592 tibi
917 2530 1093 2594 liberiorem
1116 2534 1157 2595 f·

143 2625 235 2683 eisset
262 2623 411 2682 iniuriam.
463 2618 491 2681 l.
514 2627 598 2680 taceo
626 2620 766 2700 deinceps
794 2619 948 2698 collegisse
976 2628 1006 2682 11
1034 2624 1158 2702 privatis

142 2709 257 2772 viribus
280 2709 393 2790 publici
415 2710 564 2770 exercitus
588 2710 718 2786 speciem
741 2711 841 2789 parvis
860 2711 1048 2772 extrinsecus
1066 2714 1158 2772 maio·

143 2816 211 2859 rum
235 2798 340 2879 opibus
364 2798 497 2859 adiutum
520 2804 551 2858 et
568 2796 747 2858 infreniores
766 2798 898 2859 hostium
916 2805 983 2859 ante
1003 2798 1157 2862 discursus

104 2909 131 2950 so
146 2889 296 2966 castigatis
321 2887 510 2948 cohercuisse
528 2884 725 2965 populatibus.
762 2894 846 2948 taceo
870 2894 899 2948 11
923 2885 1037 2966 aliquot
1055 2907 1157 2969 super·

143 2975 281 3036 ventibus
304 2993 414 3036 cuneos
442 2982 587 3037 mactasse
611 2975 752 3037 turmales
775 2995 791 3037 1
814 2994 939 3036 numero
967 2983 1088 3038 tuorum
1111 2979 1157 3039 rix

145 3064 225 3125 binis
248 3065 379 3125 ternisve
402 3072 470 3144 post
496 3062 643 3144 proelium
671 3063 846 3126 desideratis
879 3071 909 3125 et
939 3072 1056 3126 tantum
1084 3065 1157 3128 cala·

217 3239 233 3288 6
253 3250 338 3304 quem
356 3234 555 3304 patentissime
568 3233 633 3288 LN
635 3235 673 3288 M
676 3235 734 3305 OT,
754 3252 811 3305 qua
823 3233 1023 3305 patentissima
1036 3238 1101 3293 add.
1117 3237 1159 3290 est

152 3308 197 3376 Vt!
213 3312 228 3361 t
246 3306 315 3360 urbe
336 3305 376 3374 Gt
391 3306 560 3375 processerit
578 3303 692 3359 obviam
713 3306 737 3362 0
755 3311 765 3376 l
789 3313 822 3361 14
840 3305 1007 3361 flexibilium
1032 3308 1157 3364 Vaticana.

146 3383 220 3434 3421
235 3381 244 3449 l
258 3382 292 3430 23
311 3375 430 3430 nimium
445 3378 469 3433 0
478 3381 488 3448 l
502 3384 535 3432 27
554 3377 635 3431 taceo
649 3394 733 3459 nsque
747 3379 784 3434 ad
798 3396 828 3448 p.
844 3381 939 3446 57,1o
956 3377 1159 3433 funerabantur

139 3465 191 3503 om,
207 3449 275 3504 ΖΝ
283 3447 339 3504 Vr
349 3449 360 3518 lt
374 3451 407 3502 29
426 3446 593 3503 infreniores
611 3465 659 3519 eqo
679 3448 812 3517 (mirenes
826 3450 994 3520 Buecheler),
1013 3448 1158 3505 inferiores

127 3521 209 3577 codri
221 3523 239 3591 t
249 3524 289 3575 30
306 3518 579 3590 supervenientibus
601 3519 730 3578 Votieno.
744 3525 818 3578 3421
830 3525 844 3591 t
