2414 3864
412 161 563 218 CARMEN
581 163 629 220 IX.

176 313 289 372 insanis
313 314 463 390 equitasse
488 329 555 371 cum
578 314 705 373 catervis

175 401 363 479 admissoque
387 402 419 460 in
441 401 538 460 Athon
560 408 693 462 tumente
717 409 806 480 ponto
911 403 913 406 ’

173 492 255 550 iuxta
278 489 457 550 frondiferae
481 508 623 550 cacumen
646 488 728 569 Alpis

175 578 301 657 scalptas
326 577 469 639 classibus
493 581 553 638 isse
578 597 633 658 per
656 597 804 641 cavernas.

123 679 157 729 55
220 666 287 727 Non
309 667 425 747 prolem
448 666 647 728 Garamantici
669 669 824 750 Tonantis,

174 757 275 834 regnis
299 755 546 835 principibusque
569 759 801 840 principantem,

173 851 325 924 porrectas
349 845 435 905 Asiae
458 845 563 924 loquar
584 853 708 925 paterno

176 940 274 994 aetum
297 932 420 994 fulmine
443 933 612 1011 pervolasse
636 942 731 996 terras

176 1028 206 1082 et
227 1024 357 1100 primum
379 1021 461 1082 Darii
484 1023 697 1084 tumultuantes

124 1123 156 1173 55
176 1112 342 1190 praefectos
367 1110 557 1191 satrapasque
581 1112 761 1194 perculisse,

175 1217 245 1260 mox
267 1201 367 1279 ipsum
391 1199 465 1260 solio
489 1208 607 1279 patrum
631 1201 792 1280 superbum

175 1295 373 1368 cognatosque
398 1289 456 1349 sibi
479 1290 551 1349 deos
575 1297 743 1369 crepantem

176 1379 270 1456 captis
294 1380 433 1458 coniuge,
456 1376 573 1458 liberis,
595 1385 718 1458 parente

175 1468 207 1526 in
230 1485 317 1527 casus
339 1466 469 1526 hominis
493 1467 592 1528 redire
615 1469 744 1549 iussum,

123 1569 157 1618 60
177 1557 228 1634 qui
251 1574 319 1616 cum
343 1557 469 1616 maxima
493 1554 570 1617 bella
594 1559 772 1618 concitasset

174 1650 236 1705 tota
259 1651 289 1705 et
312 1642 443 1704 Persidis
466 1644 598 1724 tmdique
621 1653 757 1724 gregatae

174 1751 233 1793 uno
258 1734 462 1794 constituisset
484 1751 564 1794 arma
588 1753 705 1816 campo,

173 1821 229 1882 hoo
253 1821 349 1882 solum
368 1821 542 1901 perhibetur
565 1831 731 1905 assecutus,

175 1910 305 1971 dormire
329 1911 492 1989 utmelius
515 1911 622 1972 liberet
644 1912 731 1974 hosti.

123 2013 157 2061 55
221 1998 287 2058 Non
310 2007 411 2060 vectos
434 1999 547 2079 Minyas
570 2001 709 2080 loquente
734 2001 806 2064 silva

174 2088 271 2148 dicam
293 2087 434 2148 Phasiaco
459 2091 577 2151 stetisse
600 2098 705 2170 portu,

176 2176 270 2237 forma
293 2179 406 2256 percita
430 2195 498 2238 cum
521 2178 606 2240 ducis
629 2178 746 2258 Pelasgi

174 2264 304 2325 molliret
331 2265 450 2326 rabidos
474 2269 574 2346 virago
597 2261 712 2348 tauros,

174 2372 230 2414 neo
253 2361 318 2415 tum
340 2357 458 2436 territa,
482 2373 550 2416 cum
574 2375 646 2417 suus
670 2356 792 2418 colonus

123 2456 155 2505 55
174 2450 242 2523 post
265 2445 369 2522 anguis
393 2444 497 2504 domiti
520 2452 599 2506 satos
623 2445 749 2505 molares

176 2538 304 2592 armatas
327 2532 542 2594 tremebundus
566 2536 645 2593 inter
666 2533 774 2594 herbas

175 2619 283 2681 llorere
306 2622 338 2680 in
362 2628 493 2700 segetem
516 2628 650 2700 stuperet
672 2622 789 2682 hostem

174 2715 204 2769 et
226 2709 426 2788 pugnantibus
449 2710 519 2771 binc
542 2717 572 2771 et
594 2711 664 2771 binc
687 2712 788 2771 aristis

175 2816 265 2877 supra
289 2797 440 2859 belliferas
463 2799 583 2860 madere
607 2800 725 2878 glaebas

124 2898 155 2948 55
175 2886 323 2947 culmosos
346 2888 435 2948 viridi
458 2907 564 2949 cruore
588 2890 702 2950 fratres.

218 2974 283 3035 Non
306 2975 355 3036 hio
378 2979 560 3055 terrigenam
583 2977 687 3057 loquar
711 2978 862 3038 cohortem

175 3062 304 3124 admixto
328 3084 412 3144 mage
436 3066 562 3126 vividam
585 3085 713 3147 veneno,

175 3154 225 3212 cui
247 3160 365 3232 praeter
389 3157 520 3234 speciem
543 3156 630 3215 modo
655 3162 806 3216 carentem

176 3259 287 3321 angues
311 3244 487 3322 corporibus
510 3243 704 3305 voluminosis

239 3348 251 3375 N

88 3452 119 3503 53
139 3448 245 3520 aetum]
266 3451 306 3505 cic
324 3452 401 3506 codd.
424 3451 434 3520 l
462 3456 495 3506 57
515 3451 583 3506 deos
603 3449 658 3504 sibi
679 3451 705 3506 Τ
728 3454 740 3523 tl
766 3459 799 3507 65
818 3453 915 3506 vectos
934 3452 1032 3522 culum

76 3532 111 3575 tos
132 3520 217 3588 OPT,
239 3536 337 3577 vescas
357 3523 402 3594 Ε·
419 3541 459 3579 ou
476 3521 604 3595 priscos?
627 3524 840 3596 Luctiobovml
