2392 3854
98 158 270 217 amonius
288 160 432 217 DOMINO
451 160 577 244 PAPAE,
588 160 781 216 PERPETUO
801 160 978 218 SALUTEM.
1011 161 1079 226 -157

69 310 212 371 lationum
234 311 458 371 conservatione
482 309 603 370 stabiles
627 312 658 370 in
678 312 892 371 sententiarum
916 313 1080 372 assertione

69 406 216 479 nutantes,
239 401 376 460 nituntur
393 417 498 478 regere
517 399 683 481 ecclesiam,
707 417 781 478 quos
800 401 859 460 iam
874 403 941 479 regi
958 392 1081 460 necesse

69 491 124 550 crit
155 505 213 568 per
243 496 401 549 senectam.
454 485 504 549 13.
532 488 584 550 sed
612 505 667 549 nec
695 488 807 549 diutius
836 488 933 568 placet
960 495 1083 568 propter

69 595 231 657 paucorum
259 576 387 638 ambitus
414 576 576 638 multorum
599 583 701 638 notare
724 595 880 656 personas:
907 576 963 637 boc
987 575 1083 637 solum

69 674 178 747 astruo,
202 665 292 748 quod,
315 684 383 727 cum
405 665 520 728 nullum
542 667 692 746 proleram
715 668 916 746 nuncupatim,
939 665 988 726 ille
1012 683 1082 726 con·
1110 685 1123 724 s

69 756 170 816 litetur
192 754 353 837 repulsam,
378 757 429 834 qui
451 755 608 834 profitetur
632 755 782 816 offensam.
816 773 886 816 sane
909 755 940 815 id
959 754 1083 815 liberius

69 844 149 927 dico,
182 843 219 904 de
251 843 441 905 multitudine
474 845 730 905 circumstantium
762 843 871 904 multos
900 842 1083 923 episcopales

69 951 143 1014 esse,
169 933 222 994 sed
245 939 324 993 totos
347 935 503 1012 episcopos
527 950 593 993 esse
617 951 676 993 non
699 950 802 1014 posse,
825 940 864 1018 et,
887 951 954 994 cum
974 931 1084 1012 singuli

69 1022 257 1083 diversorum
288 1021 499 1083 charismatum
529 1024 712 1101 proprietate
744 1023 908 1103 potiantur,
946 1022 1083 1082 sufficere

69 1128 174 1171 omnes
202 1109 273 1191 sibi,
304 1109 442 1172 omnibus
470 1112 628 1171 neminem.
676 1108 726 1172 14.
751 1112 777 1170 si
799 1109 959 1171 militarem
981 1111 1083 1171 dixero
1099 1129 1124 1170 10

69 1200 145 1260 iorte
165 1216 333 1278 personam,
355 1202 492 1279 protinus
511 1202 542 1259 in
561 1199 634 1260 haec
652 1199 741 1260 verba
760 1201 964 1277 consurgitur:
987 1196 1084 1260 ‘sido-

69 1291 136 1349 nius
162 1288 198 1348 ad
222 1287 395 1349 clericatum
414 1291 483 1368 quia
502 1288 538 1349 de
558 1287 703 1348 saeculari
721 1289 905 1367 professione
924 1286 1085 1349 translatus

69 1384 128 1459 est,
156 1376 225 1437 ideo
253 1376 312 1437 sibi
335 1395 486 1438 assumere
510 1377 770 1456 metropolitanum
794 1376 830 1437 de
854 1374 992 1465 religiosa
1016 1395 1085 1437 con·

69 1467 241 1545 gregatione
270 1465 451 1548 dissimulat,
482 1465 631 1527 natalibus
658 1472 771 1546 turget,
799 1465 976 1544 dignitatum
1002 1465 1085 1526 lasti-

71 1562 157 1634 gatur
184 1554 365 1636 insignibus,
392 1557 557 1616 contemnit
583 1571 730 1633 pauperes
760 1550 892 1615 Christi?
939 1549 989 1615 15.
1014 1572 1084 1633 qua·
1100 1572 1125 1614 ts

71 1649 193 1723 propter
215 1645 248 1703 in
270 1647 508 1723 praesentiarum
532 1642 643 1704 solvam
667 1660 755 1721 quam
777 1650 916 1703 nontam
938 1642 1085 1703 bonorum

73 1733 188 1792 caritati
216 1750 304 1811 quam
331 1732 543 1793 maledicorum
570 1733 736 1810 suspicioni
763 1731 856 1792 debeo
884 1732 973 1792 fidem
1001 1725 1086 1815 (vivit

75 1822 195 1899 spiritus
219 1829 354 1903 sanctus,
382 1823 569 1900 omnipotens
596 1821 670 1898 deus
694 1828 809 1902 noster,
838 1823 889 1900 qtri
911 1820 991 1882 Petri
1014 1839 1085 1882 voce

77 1908 220 1970 damnarit
247 1912 279 1970 in
303 1910 423 1971 Simone
446 1929 545 1991 mago,
573 1928 627 1970 cur
654 1912 826 1988 opinaretur
849 1912 974 1989 gratiam
996 1909 1086 1971 bene·

78 1996 212 2058 dictionis
230 2001 327 2078 pretio
347 2018 412 2060 sese
431 2017 520 2078 posse
539 1992 691 2081 mercari),
714 2017 761 2060 me
780 2001 811 2059 in
831 2018 876 2081 eo,
895 2017 984 2078 quem
1002 1999 1086 2059 vobis
1101 2018 1127 2059 so

80 2093 253 2164 oportunum
280 2091 397 2169 censui,
424 2107 480 2149 nec
507 2090 651 2167 pecuniae
679 2088 778 2149 lavere
800 2107 856 2149 nec
880 2091 1006 2169 gratiae,
1035 2088 1087 2148 sed

82 2182 153 2236 statu
170 2176 250 2237 satis
263 2195 411 2256 superque
425 2178 569 2237 trutinato
583 2193 728 2255 personae
746 2179 900 2258 temporiS,
918 2178 1087 2255 provinciae
1143 2254 1146 2261 Ι

84 2264 201 2325 civitatis
223 2267 330 2346 virum,
354 2268 439 2327 cuius
462 2268 495 2325 in
519 2266 778 2344 consequentibus¹
793 2268 902 2344 raptim
921 2267 980 2325 vita
998 2263 1087 2342 repli-

86 2351 199 2435 cabitur,
217 2356 524 2433 competentissimum
543 2354 714 2416 credidisse.
748 2347 798 2417 1'6.
817 2354 992 2415 benedictus
1012 2353 1086 2413 Sim-

87 2437 194 2524 pliciuS,
221 2443 364 2504 hactenus
391 2446 484 2504 vestri
510 2446 628 2522 iamque
657 2444 764 2505 abhinc
786 2445 896 2523 nostri,
922 2440 1009 2501 modo
1032 2459 1087 2520 per
1101 2454 1128 2496 25

89 2543 131 2588 vos
147 2529 219 2592 deus
238 2540 356 2614 annuat,
379 2533 532 2594 habendus
553 2532 666 2593 ordinis
686 2550 794 2613 comes,
813 2535 853 2591 ita
871 2532 991 2608 utrique
1010 2532 1088 2608 parti

91 2615 127 2676 tel
145 2628 211 2681 actu
233 2621 281 2682 vel
303 2621 489 2700 professione
512 2622 682 2703 respondet,
705 2628 738 2682 ut
761 2627 790 2680 et
812 2617 978 2697 respublica
1001 2621 1033 2678 in
1052 2636 1087 2678 eo

94 2707 156 2780 qnod
187 2709 351 2771 admiretm
378 2717 407 2771 et
434 2710 560 2771 ecclesia
587 2713 682 2789 possit
709 2711 843 2769 invenire
871 2707 950 2786 quod
978 2706 1088 2786 diligat.
1128 2725 1134 2735 ·

95 2788 134 2854 ll.
153 2799 179 2858 si
200 2798 348 2860 natalibus
372 2790 515 2860 servanda
539 2801 706 2860 reverentia
729 2806 783 2878 est,
806 2799 874 2875 quia
898 2796 1005 2856 ethos
1028 2814 1088 2857 non

96 2885 255 2949 omittendos
279 2888 460 2967 euangelista
478 2889 654 2948 monstravit
672 2881 755 2971 (nam
773 2887 868 2947 Lucas
888 2884 1087 2946 laudationem
1100 2898 1128 2939 ³0

97 2962 214 3037 lobannis
238 2995 396 3056 aggressus
420 2978 709 3056 praestantissimum
733 2976 925 3056 computavit,
949 2975 1028 3055 quod
1052 2975 1088 3035 de

99 3064 254 3126 uccrdotali
280 3069 372 3145 stirpe
400 3066 549 3147 veniebat,
577 3072 606 3125 et
628 3065 815 3135 nobilitatem
837 3066 914 3131 vitae
937 3065 1089 3142 praedica-

99 3147 165 3223 turus
190 3158 274 3234 prius
301 3163 400 3216 tamen
428 3154 533 3216 extulit
560 3153 688 3215 familiae
719 3146 921 3236 dignitatem):
951 3161 1090 3232 parentes

154 3311 184 3361 18
202 3309 264 3365 Act.
281 3312 364 3376 8,18.
437 3314 471 3363 30
489 3308 579 3362 Lucas
599 3312 623 3375 1,
639 3312 663 3362 5.

154 3382 168 3429 3
185 3379 238 3434 erit
256 3380 320 3434 ΒΝ
324 3380 355 3444 Τ,
375 3380 419 3433 est
437 3381 474 3434 M
478 3380 509 3449 O,
528 3379 575 3433 vel
593 3379 646 3432 erit
663 3395 684 3432 s.
700 3379 717 3432 l.
732 3377 797 3431 odd.
813 3377 849 3430 Μ
854 3377 862 3416 -ῑ
875 3380 885 3447 ΙΙ
899 3383 933 3430 14
951 3376 1090 3443 fatigatur

103 3436 119 3499 (⁸
131 3459 148 3500 t.
164 3448 179 3503 l.
198 3453 262 3507 odd.
278 3450 387 3520 T¹)T0
405 3453 418 3532 [l
438 3457 470 3507 tt
489 3449 573 3521 vivit]
592 3447 671 3502 iuvet
693 3447 889 3517 Wilomowitc,
911 3447 991 3501 novit
1009 3444 1100 3513 Lecti

104 3509 200 3585 liquis
217 3521 269 3576 hos
288 3539 345 3576 non
364 3522 519 3580 omrtendos
539 3523 569 3578 et
588 3518 773 3593 euangelista
791 3519 842 3592 Ol
