<?xml version="1.0" encoding="UTF-8"?>
<!DOCTYPE html PUBLIC "-//W3C//DTD XHTML 1.0 Transitional//EN"
    "http://www.w3.org/TR/xhtml1/DTD/xhtml1-transitional.dtd">
<html xmlns="http://www.w3.org/1999/xhtml" xml:lang="en" lang="en">
 <head>
  <title>
</title>
<meta http-equiv="Content-Type" content="text/html;charset=utf-8" />
  <meta name='ocr-system' content='tesseract 3.04.00' />
  <meta name='ocr-capabilities' content='ocr_page ocr_carea ocr_par ocr_line ocrx_word'/>
</head>
<body>
  <div class='ocr_page' id='page_1' title='image "./csolliusapollin00apolgoog_0183.png"; bbox 0 0 2414 3864; ppageno 0'>
   <div class='ocr_carea' id='block_1_1' title="bbox 521 160 793 219">
    <p class='ocr_par' dir='ltr' id='par_1_1' title="bbox 521 160 793 219">
     <span class='ocr_line' id='line_1_1' title="bbox 521 160 793 219; baseline 0.007 -3"><span class='ocrx_word' id='word_1_1' title='bbox 521 161 630 216; x_wconf 78' lang='lat' dir='ltr'>LIBER</span> <span class='ocrx_word' id='word_1_2' title='bbox 647 160 793 219; x_wconf 76' lang='lat' dir='ltr'><strong>SEXTUS.</strong></span> 
     </span>
    </p>
   </div>
   <div class='ocr_carea' id='block_1_2' title="bbox 239 375 1083 558">
    <p class='ocr_par' dir='ltr' id='par_1_2' title="bbox 239 375 1083 558">
     <span class='ocr_line' id='line_1_2' title="bbox 631 375 689 443; baseline 0 0"><span class='ocrx_word' id='word_1_3' title='bbox 631 375 689 443; x_wconf 88' lang='grc' dir='ltr'><strong>ΙΠ.</strong></span> 
     </span>
     <span class='ocr_line' id='line_1_3' title="bbox 239 498 1083 558; baseline 0.001 -2"><span class='ocrx_word' id='word_1_4' title='bbox 239 499 407 556; x_wconf 78' lang='lat' dir='ltr'><strong>sinotuns</strong></span> <span class='ocrx_word' id='word_1_5' title='bbox 424 498 570 554; x_wconf 83' lang='lat' dir='ltr'><strong>nemun</strong></span> <span class='ocrx_word' id='word_1_6' title='bbox 588 499 707 554; x_wconf 72' lang='lat' dir='ltr'><strong>elren</strong></span> <span class='ocrx_word' id='word_1_7' title='bbox 726 498 885 554; x_wconf 83' lang='lat' dir='ltr'><strong>nnonrto</strong></span> <span class='ocrx_word' id='word_1_8' title='bbox 904 498 1083 558; x_wconf 79' lang='lat' dir='ltr'><strong>saturnis.</strong></span> 
     </span>
    </p>
   </div>
   <div class='ocr_carea' id='block_1_3' title="bbox 111 612 1161 2383">
    <p class='ocr_par' dir='ltr' id='par_1_3' title="bbox 153 612 1161 872">
     <span class='ocr_line' id='line_1_4' title="bbox 222 612 1161 692; baseline 0 -18"><span class='ocrx_word' id='word_1_9' title='bbox 222 612 250 675; x_wconf 90' lang='lat'><strong>1.</strong></span> <span class='ocrx_word' id='word_1_10' title='bbox 272 613 338 674; x_wconf 87' lang='lat' dir='ltr'><strong>Etsi</strong></span> <span class='ocrx_word' id='word_1_11' title='bbox 359 612 449 674; x_wconf 90' lang='lat' dir='ltr'><strong>nullis</strong></span> <span class='ocrx_word' id='word_1_12' title='bbox 467 612 633 672; x_wconf 88' lang='lat' dir='ltr'><strong>hortatibus</strong></span> <span class='ocrx_word' id='word_1_13' title='bbox 651 612 815 691; x_wconf 90' lang='lat' dir='ltr'><strong>primordia</strong></span> <span class='ocrx_word' id='word_1_14' title='bbox 833 619 953 674; x_wconf 89' lang='lat' dir='ltr'><strong>nostrae</strong></span> <span class='ocrx_word' id='word_1_15' title='bbox 971 613 1161 692; x_wconf 79' lang='lat' dir='ltr'><strong>professionis</strong></span> 
     </span>
     <span class='ocr_line' id='line_1_5' title="bbox 153 701 1159 780; baseline -0.002 -15"><span class='ocrx_word' id='word_1_16' title='bbox 153 705 291 765; x_wconf 90' lang='lat' dir='ltr'><strong>animatis</strong></span> <span class='ocrx_word' id='word_1_17' title='bbox 318 720 416 780; x_wconf 87' lang='lat' dir='ltr'><strong>neque</strong></span> <span class='ocrx_word' id='word_1_18' title='bbox 443 703 526 761; x_wconf 90' lang='lat' dir='ltr'><strong>sitim</strong></span> <span class='ocrx_word' id='word_1_19' title='bbox 547 703 731 780; x_wconf 89' lang='lat' dir='ltr'><strong>ignorantiae</strong></span> <span class='ocrx_word' id='word_1_20' title='bbox 756 701 899 762; x_wconf 90' lang='lat' dir='ltr'><strong>hactenus</strong></span> <span class='ocrx_word' id='word_1_21' title='bbox 922 702 1085 763; x_wconf 87' lang='lat' dir='ltr'><strong>saecularis</strong></span> <span class='ocrx_word' id='word_1_22' title='bbox 1105 701 1159 763; x_wconf 93' lang='lat' dir='ltr'><strong>ullo</strong></span> 
     </span>
     <span class='ocr_line' id='line_1_6' title="bbox 154 788 1158 872; baseline -0.001 -19"><span class='ocrx_word' id='word_1_23' title='bbox 154 809 300 872; x_wconf 81' lang='lat' dir='ltr'>supernae</span> <span class='ocrx_word' id='word_1_24' title='bbox 327 793 430 869; x_wconf 89' lang='lat' dir='ltr'><strong>rigatis</strong></span> <span class='ocrx_word' id='word_1_25' title='bbox 457 788 553 850; x_wconf 84' lang='lat' dir='ltr'><strong>imbre</strong></span> <span class='ocrx_word' id='word_1_26' title='bbox 577 790 742 870; x_wconf 89' lang='lat' dir='ltr'><strong>doctrinae,</strong></span> <span class='ocrx_word' id='word_1_27' title='bbox 769 809 830 851; x_wconf 89' lang='lat' dir='ltr'><strong>non</strong></span> <span class='ocrx_word' id='word_1_28' title='bbox 852 808 907 869; x_wconf 92' lang='lat' dir='ltr'><strong>ego</strong></span> <span class='ocrx_word' id='word_1_29' title='bbox 928 797 1030 853; x_wconf 85' lang='lat' dir='ltr'><strong>tamen</strong></span> <span class='ocrx_word' id='word_1_30' title='bbox 1052 797 1158 852; x_wconf 86' lang='lat' dir='ltr'><strong>tantum</strong></span> 
     </span>
    </p>

    <p class='ocr_par' dir='ltr' id='par_1_4' title="bbox 111 879 1159 2383">
     <span class='ocr_line' id='line_1_7' title="bbox 126 879 1159 960; baseline 0 -19"><span class='ocrx_word' id='word_1_31' title='bbox 126 883 213 942; x_wconf 81' lang='lat' dir='ltr'><strong>smei</strong></span> <span class='ocrx_word' id='word_1_32' title='bbox 240 882 406 940; x_wconf 89' lang='lat' dir='ltr'><strong>meminens</strong></span> <span class='ocrx_word' id='word_1_33' title='bbox 433 896 493 939; x_wconf 90' lang='lat' dir='ltr'><strong>non</strong></span> <span class='ocrx_word' id='word_1_34' title='bbox 521 897 600 960; x_wconf 91' lang='lat' dir='ltr'><strong>sum,</strong></span> <span class='ocrx_word' id='word_1_35' title='bbox 627 885 661 940; x_wconf 91' lang='lat' dir='ltr'><strong>ut</strong></span> <span class='ocrx_word' id='word_1_36' title='bbox 683 898 700 939; x_wconf 97' lang='lat' dir='ltr'><strong>a</strong></span> <span class='ocrx_word' id='word_1_37' title='bbox 722 881 798 940; x_wconf 91' lang='lat' dir='ltr'><strong>meis</strong></span> <span class='ocrx_word' id='word_1_38' title='bbox 820 897 1009 959; x_wconf 81' lang='lat' dir='ltr'><strong>praesumam</strong></span> <span class='ocrx_word' id='word_1_39' title='bbox 1032 879 1159 960; x_wconf 84' lang='lat' dir='ltr'><strong>partibus</strong></span> 
     </span>
     <span class='ocr_line' id='line_1_8' title="bbox 153 966 1157 1048; baseline 0 -18"><span class='ocrx_word' id='word_1_40' title='bbox 153 968 269 1048; x_wconf 89' lang='lat' dir='ltr'><strong>aequali</strong></span> <span class='ocrx_word' id='word_1_41' title='bbox 292 969 458 1029; x_wconf 84' lang='lat' dir='ltr'><strong>officiorum</strong></span> <span class='ocrx_word' id='word_1_42' title='bbox 481 966 563 1028; x_wconf 89' lang='lat' dir='ltr'><strong>lance</strong></span> <span class='ocrx_word' id='word_1_43' title='bbox 587 967 768 1028; x_wconf 88' lang='lat' dir='ltr'><strong>certandum.</strong></span> <span class='ocrx_word' id='word_1_44' title='bbox 801 986 869 1029; x_wconf 89' lang='lat' dir='ltr'><strong>nam</strong></span> <span class='ocrx_word' id='word_1_45' title='bbox 892 986 961 1029; x_wconf 92' lang='lat' dir='ltr'><strong>cum</strong></span> <span class='ocrx_word' id='word_1_46' title='bbox 984 977 1088 1030; x_wconf 91' lang='lat' dir='ltr'><strong>nostra</strong></span> <span class='ocrx_word' id='word_1_47' title='bbox 1104 986 1157 1029; x_wconf 87' lang='lat' dir='ltr'><strong>me·</strong></span> 
     </span>
     <span class='ocr_line' id='line_1_9' title="bbox 153 1056 1157 1138; baseline 0 -20"><span class='ocrx_word' id='word_1_48' title='bbox 153 1059 294 1119; x_wconf 90' lang='lat' dir='ltr'><strong>diocritas</strong></span> <span class='ocrx_word' id='word_1_49' title='bbox 322 1063 415 1117; x_wconf 90' lang='lat' dir='ltr'><strong>aetate</strong></span> <span class='ocrx_word' id='word_1_50' title='bbox 443 1058 533 1137; x_wconf 91' lang='lat' dir='ltr'><strong>vitae,</strong></span> <span class='ocrx_word' id='word_1_51' title='bbox 562 1063 696 1136; x_wconf 89' lang='lat' dir='ltr'><strong>tempore</strong></span> <span class='ocrx_word' id='word_1_52' title='bbox 724 1057 888 1137; x_wconf 78' lang='lat' dir='ltr'><strong>dignitatis,</strong></span> <span class='ocrx_word' id='word_1_53' title='bbox 916 1056 1073 1138; x_wconf 87' lang='lat' dir='ltr'><strong>privilegio</strong></span> <span class='ocrx_word' id='word_1_54' title='bbox 1098 1057 1157 1138; x_wconf 91' lang='lat' dir='ltr'><strong>loci,</strong></span> 
     </span>
     <span class='ocr_line' id='line_1_10' title="bbox 153 1145 1157 1226; baseline 0.001 -19"><span class='ocrx_word' id='word_1_55' title='bbox 153 1147 239 1208; x_wconf 90' lang='lat' dir='ltr'><strong>laude</strong></span> <span class='ocrx_word' id='word_1_56' title='bbox 267 1148 422 1226; x_wconf 90' lang='lat' dir='ltr'><strong>scientiae,</strong></span> <span class='ocrx_word' id='word_1_57' title='bbox 449 1146 526 1206; x_wconf 91' lang='lat' dir='ltr'><strong>dono</strong></span> <span class='ocrx_word' id='word_1_58' title='bbox 555 1148 752 1207; x_wconf 89' lang='lat' dir='ltr'><strong>conscientiae</strong></span> <span class='ocrx_word' id='word_1_59' title='bbox 775 1153 890 1206; x_wconf 81' lang='lat' dir='ltr'><strong>vestrae</strong></span> <span class='ocrx_word' id='word_1_60' title='bbox 913 1145 1000 1208; x_wconf 90' lang='lat' dir='ltr'><strong>facile</strong></span> <span class='ocrx_word' id='word_1_61' title='bbox 1024 1149 1157 1226; x_wconf 85' lang='lat' dir='ltr'><strong>vincatur,</strong></span> 
     </span>
     <span class='ocr_line' id='line_1_11' title="bbox 153 1227 1157 1315; baseline -0.001 -18"><span class='ocrx_word' id='word_1_62' title='bbox 153 1235 267 1297; x_wconf 91' lang='lat' dir='ltr'><strong>nullum</strong></span> <span class='ocrx_word' id='word_1_63' title='bbox 289 1227 449 1315; x_wconf 90' lang='lat' dir='ltr'><strong>meremur,</strong></span> <span class='ocrx_word' id='word_1_64' title='bbox 473 1236 499 1293; x_wconf 92' lang='lat' dir='ltr'><strong>si</strong></span> <span class='ocrx_word' id='word_1_65' title='bbox 520 1252 575 1313; x_wconf 89' lang='lat' dir='ltr'><strong>par</strong></span> <span class='ocrx_word' id='word_1_66' title='bbox 597 1241 786 1314; x_wconf 77' lang='lat' dir='ltr'><strong>expectamus</strong></span> <span class='ocrx_word' id='word_1_67' title='bbox 809 1233 980 1313; x_wconf 87' lang='lat' dir='ltr'><strong>alloquium.</strong></span> <span class='ocrx_word' id='word_1_68' title='bbox 1022 1233 1053 1298; x_wconf 81' lang='lat'><strong>2.</strong></span> <span class='ocrx_word' id='word_1_69' title='bbox 1075 1237 1157 1315; x_wconf 90' lang='lat' dir='ltr'><strong>igitur</strong></span> 
     </span>
     <span class='ocr_line' id='line_1_12' title="bbox 113 1322 1156 1403; baseline -0.002 -17"><span class='ocrx_word' id='word_1_70' title='bbox 113 1348 139 1387; x_wconf 78' lang='grc' dir='ltr'><strong>ιο</strong></span> <span class='ocrx_word' id='word_1_71' title='bbox 153 1344 213 1386; x_wconf 93' lang='lat' dir='ltr'><strong>non</strong></span> <span class='ocrx_word' id='word_1_72' title='bbox 231 1328 402 1386; x_wconf 84' lang='lat' dir='ltr'><strong>incusantes</strong></span> <span class='ocrx_word' id='word_1_73' title='bbox 421 1322 573 1384; x_wconf 91' lang='lat' dir='ltr'><strong>silentium</strong></span> <span class='ocrx_word' id='word_1_74' title='bbox 590 1330 722 1384; x_wconf 88' lang='lat' dir='ltr'><strong>vestrum</strong></span> <span class='ocrx_word' id='word_1_75' title='bbox 736 1324 788 1384; x_wconf 91' lang='lat' dir='ltr'><strong>sed</strong></span> <span class='ocrx_word' id='word_1_76' title='bbox 806 1322 1017 1403; x_wconf 86' lang='lat' dir='ltr'><strong>loquacitatem</strong></span> <span class='ocrx_word' id='word_1_77' title='bbox 1034 1332 1156 1386; x_wconf 80' lang='lat' dir='ltr'><strong>nostram</strong></span> 
     </span>
     <span class='ocr_line' id='line_1_13' title="bbox 152 1413 1156 1494; baseline -0.003 -19"><span class='ocrx_word' id='word_1_78' title='bbox 152 1417 252 1494; x_wconf 90' lang='lat' dir='ltr'><strong>potius</strong></span> <span class='ocrx_word' id='word_1_79' title='bbox 275 1431 417 1474; x_wconf 82' lang='lat' dir='ltr'><strong>excusare</strong></span> <span class='ocrx_word' id='word_1_80' title='bbox 436 1415 565 1473; x_wconf 86' lang='lat' dir='ltr'><strong>nitentes</strong></span> <span class='ocrx_word' id='word_1_81' title='bbox 584 1413 825 1473; x_wconf 88' lang='lat' dir='ltr'><strong>commendamus</strong></span> <span class='ocrx_word' id='word_1_82' title='bbox 844 1414 962 1491; x_wconf 89' lang='lat' dir='ltr'><strong>apicum</strong></span> <span class='ocrx_word' id='word_1_83' title='bbox 980 1416 1156 1493; x_wconf 84' lang='lat' dir='ltr'><strong>portitorem,</strong></span> 
     </span>
     <span class='ocr_line' id='line_1_14' title="bbox 152 1501 1156 1584; baseline -0.003 -20"><span class='ocrx_word' id='word_1_84' title='bbox 152 1507 238 1564; x_wconf 87' lang='lat' dir='ltr'><strong>cuins</strong></span> <span class='ocrx_word' id='word_1_85' title='bbox 262 1504 289 1563; x_wconf 93' lang='lat' dir='ltr'><strong>si</strong></span> <span class='ocrx_word' id='word_1_86' title='bbox 310 1503 579 1581; x_wconf 81' lang='lat' dir='ltr'><strong>peregrinationem</strong></span> <span class='ocrx_word' id='word_1_87' title='bbox 602 1508 739 1580; x_wconf 91' lang='lat' dir='ltr'><strong>prompto</strong></span> <span class='ocrx_word' id='word_1_88' title='bbox 763 1503 861 1562; x_wconf 88' lang='lat' dir='ltr'><strong>favore</strong></span> <span class='ocrx_word' id='word_1_89' title='bbox 885 1501 1022 1584; x_wconf 83' lang='lat' dir='ltr'><strong>foveatis,</strong></span> <span class='ocrx_word' id='word_1_90' title='bbox 1046 1501 1156 1583; x_wconf 89' lang='lat' dir='ltr'><strong>grandis</strong></span> 
     </span>
     <span class='ocr_line' id='line_1_15' title="bbox 153 1589 1155 1670; baseline -0.004 -16"><span class='ocrx_word' id='word_1_91' title='bbox 153 1590 319 1654; x_wconf 88' lang='lat' dir='ltr'><strong>actionibus</strong></span> <span class='ocrx_word' id='word_1_92' title='bbox 337 1589 418 1651; x_wconf 92' lang='lat' dir='ltr'><strong>illius</strong></span> <span class='ocrx_word' id='word_1_93' title='bbox 436 1597 541 1670; x_wconf 89' lang='lat' dir='ltr'><strong>portus</strong></span> <span class='ocrx_word' id='word_1_94' title='bbox 560 1592 729 1651; x_wconf 88' lang='lat' dir='ltr'><strong>securitatis</strong></span> <span class='ocrx_word' id='word_1_95' title='bbox 748 1593 889 1670; x_wconf 89' lang='lat' dir='ltr'><strong>aperitur.</strong></span> <span class='ocrx_word' id='word_1_96' title='bbox 924 1593 1079 1669; x_wconf 84' lang='lat' dir='ltr'><strong>negotium</strong></span> <span class='ocrx_word' id='word_1_97' title='bbox 1095 1591 1155 1652; x_wconf 84' lang='lat' dir='ltr'><strong>buis</strong></span> 
     </span>
     <span class='ocr_line' id='line_1_16' title="bbox 151 1678 1155 1759; baseline -0.001 -17"><span class='ocrx_word' id='word_1_98' title='bbox 151 1682 405 1742; x_wconf 90' lang='lat' dir='ltr'><strong>testamentarium</strong></span> <span class='ocrx_word' id='word_1_99' title='bbox 436 1685 489 1739; x_wconf 90' lang='lat' dir='ltr'><strong>est.</strong></span> <span class='ocrx_word' id='word_1_100' title='bbox 535 1678 627 1739; x_wconf 90' lang='lat' dir='ltr'><strong>latent</strong></span> <span class='ocrx_word' id='word_1_101' title='bbox 649 1697 717 1739; x_wconf 90' lang='lat' dir='ltr'><strong>eum</strong></span> <span class='ocrx_word' id='word_1_102' title='bbox 739 1681 928 1759; x_wconf 92' lang='lat' dir='ltr'><strong>propriarum</strong></span> <span class='ocrx_word' id='word_1_103' title='bbox 949 1681 1059 1740; x_wconf 89' lang='lat' dir='ltr'><strong>merita</strong></span> <span class='ocrx_word' id='word_1_104' title='bbox 1081 1680 1155 1741; x_wconf 77' lang='lat' dir='ltr'><strong>cher·</strong></span> 
     </span>
     <span class='ocr_line' id='line_1_17' title="bbox 114 1767 1155 1848; baseline -0.004 -16"><span class='ocrx_word' id='word_1_105' title='bbox 114 1792 140 1832; x_wconf 82' lang='lat' dir='ltr'><strong>rs</strong></span> <span class='ocrx_word' id='word_1_106' title='bbox 153 1778 263 1831; x_wconf 90' lang='lat' dir='ltr'><strong>tarum:</strong></span> <span class='ocrx_word' id='word_1_107' title='bbox 287 1775 454 1846; x_wconf 88' lang='lat' dir='ltr'><strong>togatomm</strong></span> <span class='ocrx_word' id='word_1_108' title='bbox 476 1767 537 1828; x_wconf 91' lang='lat' dir='ltr'><strong>illic</strong></span> <span class='ocrx_word' id='word_1_109' title='bbox 555 1775 748 1846; x_wconf 88' lang='lat' dir='ltr'><strong>perorantum</strong></span> <span class='ocrx_word' id='word_1_110' title='bbox 766 1770 905 1847; x_wconf 89' lang='lat' dir='ltr'><strong>peritiam</strong></span> <span class='ocrx_word' id='word_1_111' title='bbox 923 1768 1081 1830; x_wconf 88' lang='lat' dir='ltr'><strong>consulere</strong></span> <span class='ocrx_word' id='word_1_112' title='bbox 1097 1785 1155 1848; x_wconf 85' lang='lat' dir='ltr'><strong>per·</strong></span> 
     </span>
     <span class='ocr_line' id='line_1_18' title="bbox 152 1856 1156 1939; baseline -0.002 -19"><span class='ocrx_word' id='word_1_113' title='bbox 152 1861 242 1939; x_wconf 83' lang='lat' dir='ltr'><strong>rexit,</strong></span> <span class='ocrx_word' id='word_1_114' title='bbox 273 1875 329 1937; x_wconf 91' lang='lat' dir='ltr'><strong>pro</strong></span> <span class='ocrx_word' id='word_1_115' title='bbox 356 1859 480 1917; x_wconf 85' lang='lat' dir='ltr'><strong>victoria</strong></span> <span class='ocrx_word' id='word_1_116' title='bbox 509 1864 746 1937; x_wconf 91' lang='lat' dir='ltr'><strong>computaturus,</strong></span> <span class='ocrx_word' id='word_1_117' title='bbox 778 1859 805 1918; x_wconf 91' lang='lat' dir='ltr'><strong>si</strong></span> <span class='ocrx_word' id='word_1_118' title='bbox 832 1875 865 1917; x_wconf 91' lang='lat' dir='ltr'><strong>se</strong></span> <span class='ocrx_word' id='word_1_119' title='bbox 891 1856 1074 1919; x_wconf 86' lang='lat' dir='ltr'><strong>intellexerit</strong></span> <span class='ocrx_word' id='word_1_120' title='bbox 1099 1859 1156 1918; x_wconf 85' lang='lat' dir='ltr'><strong>iure</strong></span> 
     </span>
     <span class='ocr_line' id='line_1_19' title="bbox 152 1944 1155 2027; baseline -0.002 -19"><span class='ocrx_word' id='word_1_121' title='bbox 152 1949 303 2027; x_wconf 89' lang='lat' dir='ltr'><strong>superari,</strong></span> <span class='ocrx_word' id='word_1_122' title='bbox 334 1945 422 2006; x_wconf 93' lang='lat' dir='ltr'><strong>modo</strong></span> <span class='ocrx_word' id='word_1_123' title='bbox 449 1963 486 2006; x_wconf 93' lang='lat' dir='ltr'><strong>ne</strong></span> <span class='ocrx_word' id='word_1_124' title='bbox 515 1944 573 2005; x_wconf 92' lang='lat' dir='ltr'><strong>sibi</strong></span> <span class='ocrx_word' id='word_1_125' title='bbox 600 1947 722 2024; x_wconf 87' lang='lat' dir='ltr'><strong>suisque</strong></span> <span class='ocrx_word' id='word_1_126' title='bbox 750 1946 880 2006; x_wconf 86' lang='lat' dir='ltr'><strong>desidiae</strong></span> <span class='ocrx_word' id='word_1_127' title='bbox 908 1948 980 2006; x_wconf 89' lang='lat' dir='ltr'><strong>vitio</strong></span> <span class='ocrx_word' id='word_1_128' title='bbox 1007 1961 1155 2026; x_wconf 87' lang='lat' dir='ltr'><strong>perperam</strong></span> 
     </span>
     <span class='ocr_line' id='line_1_20' title="bbox 152 2034 1156 2117; baseline -0.001 -20"><span class='ocrx_word' id='word_1_129' title='bbox 152 2038 264 2098; x_wconf 81' lang='lat' dir='ltr'><strong>cavisse</strong></span> <span class='ocrx_word' id='word_1_130' title='bbox 288 2034 432 2113; x_wconf 88' lang='lat' dir='ltr'><strong>culpetur.</strong></span> <span class='ocrx_word' id='word_1_131' title='bbox 463 2035 543 2095; x_wconf 91' lang='lat' dir='ltr'><strong>hunc</strong></span> <span class='ocrx_word' id='word_1_132' title='bbox 566 2041 688 2095; x_wconf 89' lang='lat' dir='ltr'><strong>eatenus</strong></span> <span class='ocrx_word' id='word_1_133' title='bbox 707 2035 913 2095; x_wconf 84' lang='lat' dir='ltr'><strong>commendare</strong></span> <span class='ocrx_word' id='word_1_134' title='bbox 933 2053 1101 2117; x_wconf 90' lang='lat' dir='ltr'><strong>praesumo,</strong></span> <span class='ocrx_word' id='word_1_135' title='bbox 1120 2040 1156 2114; x_wconf 82' lang='lat' dir='ltr'><strong>ut,</strong></span> 
     </span>
     <span class='ocr_line' id='line_1_21' title="bbox 152 2122 1156 2205; baseline -0.002 -19"><span class='ocrx_word' id='word_1_136' title='bbox 152 2129 179 2187; x_wconf 89' lang='lat' dir='ltr'><strong>si</strong></span> <span class='ocrx_word' id='word_1_137' title='bbox 193 2144 261 2186; x_wconf 93' lang='lat' dir='ltr'><strong>eum</strong></span> <span class='ocrx_word' id='word_1_138' title='bbox 275 2127 424 2185; x_wconf 90' lang='lat' dir='ltr'><strong>instruere</strong></span> <span class='ocrx_word' id='word_1_139' title='bbox 441 2123 597 2202; x_wconf 90' lang='lat' dir='ltr'><strong>dignanter</strong></span> <span class='ocrx_word' id='word_1_140' title='bbox 611 2123 761 2184; x_wconf 85' lang='lat' dir='ltr'><strong>advocatio</strong></span> <span class='ocrx_word' id='word_1_141' title='bbox 776 2122 910 2185; x_wconf 89' lang='lat' dir='ltr'><strong>consulta</strong></span> <span class='ocrx_word' id='word_1_142' title='bbox 924 2124 1047 2205; x_wconf 87' lang='lat' dir='ltr'><strong>fastidit,</strong></span> <span class='ocrx_word' id='word_1_143' title='bbox 1066 2130 1156 2186; x_wconf 85' lang='lat' dir='ltr'><strong>ancto-</strong></span> 
     </span>
     <span class='ocr_line' id='line_1_22' title="bbox 111 2211 1157 2294; baseline -0.006 -17"><span class='ocrx_word' id='word_1_144' title='bbox 111 2237 138 2277; x_wconf 61' lang='grc' dir='ltr'><strong>πο</strong></span> <span class='ocrx_word' id='word_1_145' title='bbox 151 2217 224 2276; x_wconf 87' lang='lat' dir='ltr'><strong>ritas</strong></span> <span class='ocrx_word' id='word_1_146' title='bbox 243 2230 369 2275; x_wconf 87' lang='lat' dir='ltr'><strong>coronae</strong></span> <span class='ocrx_word' id='word_1_147' title='bbox 383 2219 451 2272; x_wconf 90' lang='lat' dir='ltr'><strong>tuae</strong></span> <span class='ocrx_word' id='word_1_148' title='bbox 467 2211 721 2274; x_wconf 89' lang='lat' dir='ltr'><strong>dissimulantibus</strong></span> <span class='ocrx_word' id='word_1_149' title='bbox 737 2213 853 2274; x_wconf 89' lang='lat' dir='ltr'><strong>studeat</strong></span> <span class='ocrx_word' id='word_1_150' title='bbox 867 2213 1013 2274; x_wconf 85' lang='lat' dir='ltr'><strong>excudere</strong></span> <span class='ocrx_word' id='word_1_151' title='bbox 1028 2211 1157 2294; x_wconf 86' lang='lat' dir='ltr'><strong>responsi</strong></span> 
     </span>
     <span class='ocr_line' id='line_1_23' title="bbox 152 2302 1110 2383; baseline -0.002 -17"><span class='ocrx_word' id='word_1_152' title='bbox 152 2304 342 2366; x_wconf 89' lang='lat' dir='ltr'><strong>celeritatem.</strong></span> <span class='ocrx_word' id='word_1_153' title='bbox 378 2319 493 2362; x_wconf 92' lang='lat' dir='ltr'><strong>memor</strong></span> <span class='ocrx_word' id='word_1_154' title='bbox 515 2304 611 2362; x_wconf 88' lang='lat' dir='ltr'><strong>nostri</strong></span> <span class='ocrx_word' id='word_1_155' title='bbox 633 2320 700 2362; x_wconf 88' lang='lat' dir='ltr'><strong>esse</strong></span> <span class='ocrx_word' id='word_1_156' title='bbox 724 2302 859 2383; x_wconf 89' lang='lat' dir='ltr'><strong>dignare,</strong></span> <span class='ocrx_word' id='word_1_157' title='bbox 883 2302 1002 2363; x_wconf 93' lang='lat' dir='ltr'><strong>domine</strong></span> <span class='ocrx_word' id='word_1_158' title='bbox 1025 2321 1110 2383; x_wconf 83' lang='lat' dir='ltr'><strong>popa.</strong></span> 
     </span>
    </p>
   </div>
   <div class='ocr_carea' id='block_1_4' title="bbox 629 2502 760 2594">
    <p class='ocr_par' dir='ltr' id='par_1_5' title="bbox 629 2502 760 2594">
     <span class='ocr_line' id='line_1_24' title="bbox 629 2502 760 2594; baseline 0 0"><span class='ocrx_word' id='word_1_159' title='bbox 629 2527 686 2594; x_wconf 82' lang='lat' dir='ltr'><strong>iu</strong></span> <span class='ocrx_word' id='word_1_160' title='bbox 757 2502 760 2507; x_wconf 76' lang='lat'>&#39;</span> 
     </span>
    </p>
   </div>
   <div class='ocr_carea' id='block_1_5' title="bbox 267 2647 1050 2708">
    <p class='ocr_par' dir='ltr' id='par_1_6' title="bbox 267 2647 1050 2708">
     <span class='ocr_line' id='line_1_25' title="bbox 267 2647 1050 2708; baseline -0.001 -2"><span class='ocrx_word' id='word_1_161' title='bbox 267 2649 436 2707; x_wconf 82' lang='lat' dir='ltr'>SIDONIUS</span> <span class='ocrx_word' id='word_1_162' title='bbox 454 2649 600 2706; x_wconf 87' lang='lat' dir='ltr'><strong>DOMINO</strong></span> <span class='ocrx_word' id='word_1_163' title='bbox 619 2647 738 2704; x_wconf 85' lang='lat' dir='ltr'><strong>PAPAE</strong></span> <span class='ocrx_word' id='word_1_164' title='bbox 756 2647 851 2704; x_wconf 87' lang='lat' dir='ltr'>LUPO</span> <span class='ocrx_word' id='word_1_165' title='bbox 870 2647 1050 2708; x_wconf 79' lang='lat' dir='ltr'><strong>SALUTEM.</strong></span> 
     </span>
    </p>
   </div>
   <div class='ocr_carea' id='block_1_6' title="bbox 110 2761 1160 3199">
    <p class='ocr_par' dir='ltr' id='par_1_7' title="bbox 219 2761 1160 2844">
     <span class='ocr_line' id='line_1_26' title="bbox 219 2761 1160 2844; baseline -0.003 -19"><span class='ocrx_word' id='word_1_166' title='bbox 219 2762 247 2825; x_wconf 91' lang='lat'><strong>1.</strong></span> <span class='ocrx_word' id='word_1_167' title='bbox 279 2764 400 2825; x_wconf 89' lang='lat' dir='ltr'><strong>Praeter</strong></span> <span class='ocrx_word' id='word_1_168' title='bbox 432 2763 576 2844; x_wconf 82' lang='lat' dir='ltr'><strong>officium,</strong></span> <span class='ocrx_word' id='word_1_169' title='bbox 609 2763 688 2842; x_wconf 88' lang='lat' dir='ltr'><strong>qnod</strong></span> <span class='ocrx_word' id='word_1_170' title='bbox 718 2761 993 2842; x_wconf 88' lang='lat' dir='ltr'><strong>incomparabiliter</strong></span> <span class='ocrx_word' id='word_1_171' title='bbox 1022 2762 1160 2824; x_wconf 87' lang='lat' dir='ltr'><strong>eminenti</strong></span> 
     </span>
    </p>

    <p class='ocr_par' dir='ltr' id='par_1_8' title="bbox 110 2851 1159 3199">
     <span class='ocr_line' id='line_1_27' title="bbox 129 2851 1158 2933; baseline -0.004 -19"><span class='ocrx_word' id='word_1_172' title='bbox 129 2886 132 2894; x_wconf 92' lang='lat'>·</span> <span class='ocrx_word' id='word_1_173' title='bbox 152 2853 329 2932; x_wconf 90' lang='lat' dir='ltr'><strong>apostolatui</strong></span> <span class='ocrx_word' id='word_1_174' title='bbox 347 2860 398 2913; x_wconf 91' lang='lat' dir='ltr'><strong>tuo</strong></span> <span class='ocrx_word' id='word_1_175' title='bbox 418 2854 482 2913; x_wconf 90' lang='lat' dir='ltr'><strong>sine</strong></span> <span class='ocrx_word' id='word_1_176' title='bbox 501 2854 560 2913; x_wconf 87' lang='lat' dir='ltr'><strong>fine</strong></span> <span class='ocrx_word' id='word_1_177' title='bbox 579 2851 713 2933; x_wconf 91' lang='lat' dir='ltr'><strong>debetur,</strong></span> <span class='ocrx_word' id='word_1_178' title='bbox 737 2853 794 2911; x_wconf 87' lang='lat' dir='ltr'><strong>etsi</strong></span> <span class='ocrx_word' id='word_1_179' title='bbox 812 2851 923 2930; x_wconf 90' lang='lat' dir='ltr'><strong>absque</strong></span> <span class='ocrx_word' id='word_1_180' title='bbox 941 2853 1158 2914; x_wconf 87' lang='lat' dir='ltr'><strong>intermissione</strong></span> 
     </span>
     <span class='ocr_line' id='line_1_28' title="bbox 110 2939 1158 3022; baseline -0.002 -21"><span class='ocrx_word' id='word_1_181' title='bbox 110 2941 290 3022; x_wconf 73' lang='lat' dir='ltr'><strong>resolvatur,</strong></span> <span class='ocrx_word' id='word_1_182' title='bbox 309 2941 482 3002; x_wconf 89' lang='lat' dir='ltr'><strong>commendo</strong></span> <span class='ocrx_word' id='word_1_183' title='bbox 502 2940 668 3020; x_wconf 90' lang='lat' dir='ltr'><strong>supplicum</strong></span> <span class='ocrx_word' id='word_1_184' title='bbox 686 2939 853 3001; x_wconf 91' lang='lat' dir='ltr'><strong>baiulorum</strong></span> <span class='ocrx_word' id='word_1_185' title='bbox 871 2957 925 3019; x_wconf 91' lang='lat' dir='ltr'><strong>pro</strong></span> <span class='ocrx_word' id='word_1_186' title='bbox 944 2957 1020 3001; x_wconf 89' lang='lat' dir='ltr'><strong>nova</strong></span> <span class='ocrx_word' id='word_1_187' title='bbox 1033 2941 1158 3002; x_wconf 90' lang='lat' dir='ltr'><strong>necessi·</strong></span> 
     </span>
     <span class='ocr_line' id='line_1_29' title="bbox 151 3029 1158 3110; baseline -0.002 -20"><span class='ocrx_word' id='word_1_188' title='bbox 151 3030 254 3091; x_wconf 92' lang='lat' dir='ltr'><strong>tudine</strong></span> <span class='ocrx_word' id='word_1_189' title='bbox 282 3037 427 3090; x_wconf 86' lang='lat' dir='ltr'><strong>vetustam</strong></span> <span class='ocrx_word' id='word_1_190' title='bbox 450 3032 671 3110; x_wconf 89' lang='lat' dir='ltr'><strong>necessitatem,</strong></span> <span class='ocrx_word' id='word_1_191' title='bbox 698 3031 749 3108; x_wconf 92' lang='lat' dir='ltr'><strong>qui</strong></span> <span class='ocrx_word' id='word_1_192' title='bbox 772 3031 804 3089; x_wconf 90' lang='lat' dir='ltr'><strong>in</strong></span> <span class='ocrx_word' id='word_1_193' title='bbox 826 3029 988 3089; x_wconf 75' lang='lat' dir='ltr'><strong>Arvernam</strong></span> <span class='ocrx_word' id='word_1_194' title='bbox 1011 3033 1158 3110; x_wconf 90' lang='lat' dir='ltr'><strong>regionem</strong></span> 
     </span>
     <span class='ocr_line' id='line_1_30' title="bbox 151 3115 1159 3199; baseline -0.002 -20"><span class='ocrx_word' id='word_1_195' title='bbox 151 3119 271 3198; x_wconf 90' lang='lat' dir='ltr'><strong>longum</strong></span> <span class='ocrx_word' id='word_1_196' title='bbox 294 3121 365 3199; x_wconf 91' lang='lat' dir='ltr'><strong>iter,</strong></span> <span class='ocrx_word' id='word_1_197' title='bbox 387 3119 435 3180; x_wconf 94' lang='lat' dir='ltr'><strong>bis</strong></span> <span class='ocrx_word' id='word_1_198' title='bbox 459 3115 568 3198; x_wconf 87' lang='lat' dir='ltr'><strong>quippe</strong></span> <span class='ocrx_word' id='word_1_199' title='bbox 591 3118 789 3198; x_wconf 87' lang='lat' dir='ltr'><strong>temporibus,</strong></span> <span class='ocrx_word' id='word_1_200' title='bbox 817 3119 931 3178; x_wconf 89' lang='lat' dir='ltr'><strong>emensi</strong></span> <span class='ocrx_word' id='word_1_201' title='bbox 954 3136 1039 3180; x_wconf 91' lang='lat' dir='ltr'><strong>casso</strong></span> <span class='ocrx_word' id='word_1_202' title='bbox 1064 3118 1159 3180; x_wconf 88' lang='lat' dir='ltr'><strong>labore</strong></span> 
     </span>
    </p>
   </div>
   <div class='ocr_carea' id='block_1_7' title="bbox 151 3304 1159 3520">
    <p class='ocr_par' dir='ltr' id='par_1_9' title="bbox 151 3304 1159 3520">
     <span class='ocr_line' id='line_1_31' title="bbox 223 3304 1157 3376; baseline -0.002 -16"><span class='ocrx_word' id='word_1_203' title='bbox 223 3311 255 3360; x_wconf 90' lang='lat'><strong>11</strong></span> <span class='ocrx_word' id='word_1_204' title='bbox 275 3307 531 3360; x_wconf 84' lang='lat' dir='ltr'><strong>commendavimus</strong></span> <span class='ocrx_word' id='word_1_205' title='bbox 552 3306 595 3376; x_wconf 79' lang='lat' dir='ltr'><strong>ot</strong></span> <span class='ocrx_word' id='word_1_206' title='bbox 610 3312 643 3361; x_wconf 86' lang='grc'><strong>16</strong></span> <span class='ocrx_word' id='word_1_207' title='bbox 662 3323 722 3362; x_wconf 89' lang='lat' dir='ltr'><strong>sese</strong></span> <span class='ocrx_word' id='word_1_208' title='bbox 739 3306 762 3361; x_wconf 79' lang='grc' dir='ltr'><em>Ο</em></span> <span class='ocrx_word' id='word_1_209' title='bbox 772 3310 781 3376; x_wconf 82' lang='grc' dir='ltr'><strong>ΙΙ</strong></span> <span class='ocrx_word' id='word_1_210' title='bbox 796 3311 828 3361; x_wconf 78' lang='grc'><strong>17</strong></span> <span class='ocrx_word' id='word_1_211' title='bbox 848 3304 919 3360; x_wconf 83' lang='lat' dir='ltr'><strong>viiio</strong></span> <span class='ocrx_word' id='word_1_212' title='bbox 938 3323 989 3362; x_wconf 84' lang='lat' dir='ltr'><strong>om.</strong></span> <span class='ocrx_word' id='word_1_213' title='bbox 1007 3305 1031 3362; x_wconf 80' lang='lat'><strong><em>0</em></strong></span> <span class='ocrx_word' id='word_1_214' title='bbox 1040 3309 1050 3376; x_wconf 73' lang='grc' dir='ltr'>Ι</span> <span class='ocrx_word' id='word_1_215' title='bbox 1064 3312 1099 3361; x_wconf 74' lang='lat'><strong>26</strong></span> <span class='ocrx_word' id='word_1_216' title='bbox 1115 3320 1157 3359; x_wconf 77' lang='lat' dir='ltr'><strong>ne</strong></span> 
     </span>
     <span class='ocr_line' id='line_1_32' title="bbox 152 3375 1159 3447; baseline -0.005 -14"><span class='ocrx_word' id='word_1_217' title='bbox 152 3377 322 3433; x_wconf 83' lang='lat' dir='ltr'><strong>cessitndine</strong></span> <span class='ocrx_word' id='word_1_218' title='bbox 346 3380 488 3432; x_wconf 79' lang='lat' dir='ltr'><strong>vetustam</strong></span> <span class='ocrx_word' id='word_1_219' title='bbox 511 3377 710 3433; x_wconf 78' lang='lat' dir='ltr'><strong>necessitatem</strong></span> <span class='ocrx_word' id='word_1_220' title='bbox 729 3379 767 3447; x_wconf 84' lang='lat' dir='ltr'><strong>L,</strong></span> <span class='ocrx_word' id='word_1_221' title='bbox 796 3375 1005 3432; x_wconf 84' lang='lat' dir='ltr'><strong>necessitudine</strong></span> <span class='ocrx_word' id='word_1_222' title='bbox 1028 3380 1108 3446; x_wconf 71' lang='lat' dir='ltr'><strong>(corr.</strong></span> <span class='ocrx_word' id='word_1_223' title='bbox 1130 3377 1159 3430; x_wconf 79' lang='lat' dir='ltr'><strong>iss</strong></span> 
     </span>
     <span class='ocr_line' id='line_1_33' title="bbox 151 3447 1158 3520; baseline -0.004 -17"><span class='ocrx_word' id='word_1_224' title='bbox 151 3449 321 3504; x_wconf 77' lang='lat' dir='ltr'><strong>necessitate</strong></span> <span class='ocrx_word' id='word_1_225' title='bbox 339 3449 373 3503; x_wconf 91' lang='lat' dir='ltr'><strong><em>N</em></strong></span> <span class='ocrx_word' id='word_1_226' title='bbox 374 3450 395 3509; x_wconf 80' lang='lat'><strong>¹)</strong></span> <span class='ocrx_word' id='word_1_227' title='bbox 413 3451 555 3504; x_wconf 78' lang='lat' dir='ltr'><strong>vetustam</strong></span> <span class='ocrx_word' id='word_1_228' title='bbox 573 3449 810 3504; x_wconf 86' lang='lat' dir='ltr'><strong>necessitudinem</strong></span> <span class='ocrx_word' id='word_1_229' title='bbox 824 3449 862 3520; x_wconf 87' lang='lat' dir='ltr'><strong>N,</strong></span> <span class='ocrx_word' id='word_1_230' title='bbox 880 3447 1052 3504; x_wconf 75' lang='lat' dir='ltr'><strong>necessitate</strong></span> <span class='ocrx_word' id='word_1_231' title='bbox 1070 3449 1158 3505; x_wconf 80' lang='lat' dir='ltr'><strong>reins-</strong></span> 
     </span>
    </p>
   </div>
   <div class='ocr_carea' id='block_1_8' title="bbox 148 3518 794 3592">
    <p class='ocr_par' dir='ltr' id='par_1_10' title="bbox 148 3518 794 3592">
     <span class='ocr_line' id='line_1_34' title="bbox 148 3518 794 3592; baseline 0.005 -19"><span class='ocrx_word' id='word_1_232' title='bbox 148 3522 207 3575; x_wconf 77' lang='lat' dir='ltr'><strong>tem</strong></span> <span class='ocrx_word' id='word_1_233' title='bbox 224 3518 470 3578; x_wconf 81' lang='lat' dir='ltr'><strong>necessitudinem</strong></span> <span class='ocrx_word' id='word_1_234' title='bbox 490 3521 543 3579; x_wconf 78' lang='lat' dir='ltr'><strong>TO</strong></span> <span class='ocrx_word' id='word_1_235' title='bbox 559 3528 585 3578; x_wconf 80' lang='lat' dir='ltr'><strong>et</strong></span> <span class='ocrx_word' id='word_1_236' title='bbox 602 3523 635 3578; x_wconf 79' lang='lat' dir='ltr'><strong>iu</strong></span> <span class='ocrx_word' id='word_1_237' title='bbox 651 3538 707 3578; x_wconf 77' lang='lat' dir='ltr'><strong>rus.</strong></span> <span class='ocrx_word' id='word_1_238' title='bbox 722 3521 794 3592; x_wconf 64' lang='lat' dir='ltr'><strong>Mlti</strong></span> 
     </span>
    </p>
   </div>
   <div class='ocr_carea' id='block_1_9' title="bbox 0 0 1212 3864">
    <p class='ocr_par' dir='ltr' id='par_1_11' title="bbox 0 0 1212 3864">
     <span class='ocr_line' id='line_1_35' title="bbox 0 0 1212 3864; baseline 0 3"><span class='ocrx_word' id='word_1_239' title='bbox 0 0 1212 3864; x_wconf 95' lang='lat' dir='ltr'><strong> </strong></span> 
     </span>
    </p>
   </div>
  </div>
 </body>
</html>
