2414 3864
270 160 437 217 SIDONIUS
456 160 567 215 LEONI
586 158 654 216 SUO
673 159 849 216 SALUTEM.
1003 159 1066 226 173

76 314 201 372 stantiam.
249 311 368 371 demum
400 328 470 371 vero
502 311 635 371 medinm
666 311 741 371 nihil
770 318 828 372 est:
859 327 986 388 namque
1017 316 1067 369 aut

76 402 211 461 mhimum
234 418 270 460 ex
292 400 374 460 bisce
397 400 590 460 metuendum
613 407 659 461 est
681 407 733 461 aut
754 419 808 480 per
829 401 927 460 omnia
946 401 1066 459 omnhao

76 489 322 551 conticescendum.
368 487 440 549 vale.

542 714 583 780 Π.

247 836 414 893 SIDONIUS
433 836 591 892 IOHANNI
610 836 678 892 SUO
698 836 875 894 SALUTEM.

129 949 295 1012 teredini
321 969 382 1032 me,
410 952 455 1010 vir
481 951 677 1031 peritissime,
704 952 788 1011 nelas
811 954 843 1011 in
866 952 963 1013 studia
987 969 1066 1011 com·
1094 968 1107 1007 a

78 1039 181 1121 mittere,
205 1042 232 1101 si
255 1039 438 1100 distulissem
460 1042 602 1118 prosequi
625 1039 771 1120 laudibus,
797 1042 875 1119 quod
900 1040 1012 1101 aboleri
1034 1047 1067 1100 tu

78 1121 169 1189 litteras
202 1128 358 1210 distulisti,
391 1147 517 1208 quarum
550 1129 764 1208 quodammodo
796 1131 856 1189 iam
885 1129 1069 1208 sepultarum

79 1219 214 1279 suscitator
237 1218 334 1278 fautor
358 1224 489 1278 assertor
512 1217 744 1298 concelebraris,
770 1225 859 1297 teque
882 1237 936 1296 per
959 1217 1068 1278 Gallias

78 1319 121 1365 uno
138 1309 279 1386 magistro
303 1305 358 1367 suh
385 1307 440 1367 hac
467 1313 642 1385 tempestate
665 1306 811 1368 bellorum
833 1307 937 1367 Latina
964 1313 1067 1367 tenue-

79 1402 129 1454 runt
145 1414 195 1456 ora
214 1402 343 1476 portum,
362 1413 430 1456 cum
447 1395 627 1474 pertulerint
643 1414 724 1456 arma
736 1397 930 1474 naufragium.
968 1393 997 1455 2.
1017 1395 1067 1455 dc·
1084 1413 1109 1452 ro

78 1476 129 1544 hent
155 1487 248 1563 igitur
278 1484 325 1544 vcl
358 1485 499 1562 aequaevi
527 1484 573 1545 rel
604 1487 718 1564 posteri
749 1486 845 1546 nostri
875 1486 1068 1545 universatim

79 1566 238 1634 icruentibus
261 1575 338 1633 votis
361 1573 488 1634 alterum
515 1580 545 1633 te
572 1580 606 1634 ut
628 1573 858 1654 Demosthenen,
887 1572 1013 1634 alterum
1035 1581 1069 1634 ut

78 1655 184 1722 lolium
206 1680 288 1723 nuuc
312 1664 427 1743 statum,
456 1662 601 1743 silicem,
624 1680 807 1744 consecrare,
830 1680 910 1723 nunc
932 1665 1068 1741 imagini-

79 1743 125 1831 bus,
145 1754 196 1831 qui
219 1758 249 1812 te
268 1750 392 1811 docente
412 1751 530 1812 formati
548 1754 737 1831 institutique
755 1753 815 1811 iam
833 1753 901 1812 sinu
919 1753 951 1813 in
970 1752 1068 1813 medio

79 1837 109 1896 sic
126 1843 218 1919 gentis
241 1842 376 1921 invictae,
404 1840 483 1920 quod
507 1848 606 1900 tamen
630 1840 753 1921 alienae,
776 1840 916 1901 natalium
939 1847 1110 1902 vetusto-15

79 1940 127 1988 um
147 1931 230 2008 signa
252 1927 438 1990 retinebunt:
461 1947 530 1990 nam
553 1932 612 1990 iam
635 1932 757 1990 remotis
781 1929 921 2008 gradibus
944 1931 1069 2010 dignita·

78 2017 134 2098 hm,
158 2037 214 2097 per
237 2035 311 2096 quas
334 2017 448 2078 solebat
470 2017 575 2079 ultimo
599 2037 615 2078 a
639 2037 756 2098 quoque
785 2037 919 2080 summus
943 2022 1069 2098 quisque

79 2099 198 2188 discerni,
232 2106 328 2167 solum
356 2109 413 2167 crit
440 2107 562 2186 posthac
590 2107 753 2168 nobilitatis
781 2108 925 2168 indicium
955 2108 1070 2169 litteras

80 2205 152 2257 nosse.
189 2195 219 2259 3.
242 2213 298 2255 nos
321 2213 391 2256 vero
415 2203 532 2256 ceteros
555 2214 645 2275 supra
668 2197 820 2257 doctrinae
839 2203 905 2257 tuae
924 2197 1070 2258 beneficia

80 2287 276 2364 conshingunt,
313 2283 421 2362 quibus
458 2282 569 2363 aliquid
607 2284 739 2347 scribere
772 2288 898 2346 assuetis
931 2286 1068 2364 quodque
1083 2302 1110 2342 ao
1165 2311 1167 2315 ⁷

81 2376 173 2434 venturi
194 2373 295 2452 legere
322 2375 440 2452 possint
468 2372 687 2436 elaborantibus
716 2375 813 2436 saltim
837 2374 872 2434 de
896 2381 946 2434 tua
970 2373 1069 2434 schola

82 2469 119 2518 scu
135 2464 303 2542 magisterio
327 2469 499 2541 competens
522 2462 666 2524 lectorum
689 2462 776 2524 turba
798 2465 960 2542 proveniet.
997 2461 1069 2523 vale.

536 2724 593 2790 HI.

264 2845 435 2902 SIDONIUS
455 2846 568 2902 LEONI
586 2845 654 2902 SUO
675 2845 854 2902 SALUTEM.

130 2954 154 3018 1.
183 2958 332 3040 Apollonii
363 2960 552 3039 Pythagorici
582 2963 685 3041 vitam,
717 2979 777 3021 non
809 2968 842 3022 nt
873 2960 1070 3025 Nicomachus

83 3045 159 3106 senior
188 3068 204 3110 e
233 3049 404 3110 Philostrati
437 3049 488 3109 sed
516 3056 549 3110 ut
576 3050 699 3110 Tascius
721 3049 907 3112 Victorianus
940 3071 955 3112 e
983 3052 1071 3114 Nico·
1086 3071 1111 3111 aa

134 3240 146 3286 1
165 3237 276 3292 demum
294 3239 373 3310 vero]
392 3240 428 3306 cf.
445 3239 547 3295 Olaod.
562 3239 649 3294 Mam.
662 3257 691 3309 p.
706 3243 754 3308 20,
768 3241 824 3294 9E
834 3243 843 3311 ΙΙ
858 3247 969 3297 dictam
983 3258 1023 3311 cp.
1038 3242 1077 3295 ΙΙ

84 3305 187 3386 ΜΝ
195 3309 250 3365 VT
261 3312 301 3377 l8
320 3309 472 3364 celebraris
494 3311 535 3381 011
554 3316 587 3363 12
608 3310 819 3366 demosthenem
838 3313 866 3366 P
882 3313 890 3381 ΙΙ
911 3316 943 3366 15
963 3313 1072 3366 alienae

84 3369 196 3446 ulmum
209 3380 396 3449 Loatjooooo,
415 3382 509 3435 aliena
527 3385 608 3447 (corr.
628 3384 659 3436 iu
679 3382 789 3437 alienae
808 3385 867 3451 M1)
887 3383 988 3436 talium
1002 3383 1040 3436 Μ
1044 3382 1071 3448 O,

85 3432 168 3503 lhlnae
185 3451 287 3505 talium
306 3452 369 3506 PF
380 3457 389 3523 11
404 3459 436 3506 19
457 3470 495 3508 ara
514 3469 598 3523 supra
617 3455 743 3510 catenosi
764 3455 960 3527 Iaaetq‘oholuua
978 3455 1028 3508 sed
1044 3455 1086 3517 oi.

84 3516 112 3572 li·
124 3515 170 3589 IX,
182 3528 210 3590 9,
224 3527 260 3578 16
276 3523 362 3592 idque
380 3529 491 3597 suprall
