2414 3864
144 115 189 181 50
490 114 599 170 umus
617 115 814 172 succubus.

143 272 212 325 vota
234 272 418 344 pervenerat.
465 283 592 345 cumque
615 265 692 326 mole
716 283 857 327 curarum
878 267 1026 345 pristinae
1049 268 1150 346 quietis

145 361 247 415 tenere
281 354 449 414 dimensum
481 354 703 435 prohiberetur,
735 357 845 416 veteris
878 362 1013 416 actutum
1040 355 1149 435 regulae

144 441 260 522 legibus
284 445 465 504 renuntiavit
491 451 578 523 atque
606 446 759 523 perspexit
781 446 894 523 pariter
916 447 963 506 ire
986 462 1049 505 non
1070 463 1149 524 posse

144 534 298 611 negotium
320 534 465 612 principis
489 539 519 592 et
542 535 635 593 otium
660 535 814 594 senatoris.
856 528 887 594 5.
909 551 967 594 nec
989 533 1150 596 fefellerint

117 621 243 682 afutura
270 629 466 701 maerentem3
493 639 621 701 namque
650 640 718 682 cum
745 628 861 683 ceteros
889 621 1003 683 aulicos
1031 623 1149 684 honores

143 709 389 791 tranquillissime
418 713 629 791 percurrisset,
657 712 753 790 ipsam
780 711 876 772 aulam
899 710 1148 774 turbulentissime

144 803 222 861 rexit
253 802 333 860 inter
367 798 511 860 tumultus
544 799 672 860 militum
703 798 892 879 popularium
925 800 1149 880 foederatorum

144 890 222 969 quod
246 896 276 949 et
300 890 396 948 exitus
419 888 550 967 prodidit
572 907 666 950 novus
686 888 766 950 celer
785 888 920 970 acerbus,
944 908 1035 969 quem
1054 907 1147 952 cruen-

144 981 216 1039 tavit
239 976 386 1038 Fortunae
411 976 462 1037 diu
484 976 681 1038 lenocinantis
704 977 837 1057 perfidus
860 978 938 1059 linis,
963 997 1042 1058 quae
1063 981 1148 1040 virum

104 1089 131 1129 ιο
144 1074 178 1128 ut
201 1068 335 1145 scorpios
358 1065 462 1126 ultima
485 1068 533 1127 sui
555 1074 638 1146 parte
662 1068 818 1146 percussit.
861 1066 961 1128 dicere
981 1067 1095 1130 solebat
1110 1069 1148 1127 vir
1194 1114 1198 1121 .

144 1156 291 1216 litteratus
324 1162 412 1234 atque
445 1154 482 1215 ob
514 1157 628 1234 ingenii
654 1158 761 1216 merita
794 1159 996 1238 quaestorius,
1030 1158 1148 1237 partium

143 1253 224 1306 certe
251 1245 396 1306 bonarum
424 1262 493 1324 pars
520 1262 639 1324 magna,
670 1243 858 1325 Fulgentius,
891 1263 942 1306 ore
967 1263 999 1306 se
1030 1264 1066 1307 ex
1092 1247 1147 1306 eius

143 1335 316 1415 frequenter
339 1334 472 1414 audisse,
500 1352 568 1393 cum
595 1351 720 1414 perosus
743 1333 860 1413 pondus
884 1336 1003 1413 imperii
1027 1342 1148 1396 veterem

144 1426 334 1485 securitatem
363 1422 559 1483 desideraret:
590 1419 720 1483 ‘felicem
747 1429 790 1502 te,
822 1421 990 1504 Damocles,
1019 1426 1147 1504 quinon

102 1535 129 1575 ιε
143 1532 203 1573 uno
223 1512 340 1591 longius
358 1511 482 1591 prandio
501 1513 587 1589 regni
605 1514 815 1572 necessitatem
833 1509 1020 1573 toleravisti?
1052 1510 1081 1575 6.
1100 1515 1148 1573 iste

144 1605 233 1683 enim,
255 1608 289 1662 ut
312 1600 447 1681 legimus,
470 1598 623 1661 Damocles
646 1602 799 1680 provincia
822 1599 950 1681 Siculus,
972 1601 1048 1662 urbe
1073 1602 1148 1681 Syra·

144 1709 280 1771 cusanus,
303 1688 457 1750 familiaris
481 1696 605 1768 tyranno
624 1688 765 1769 Dionysio
789 1690 853 1750 luit.
890 1691 942 1769 qui
966 1708 1036 1751 cum
1057 1691 1149 1751 nimiis

143 1779 281 1840 laudibus
299 1778 376 1839 bona
394 1780 512 1857 patroni
530 1785 564 1839 ut
582 1786 681 1839 cetera
700 1778 814 1839 scilicet
831 1780 1005 1858 inexpertus
1024 1780 1149 1841 efferret:

145 1863 223 1949 ‘vis',
250 1869 347 1945 inquit
369 1866 541 1948 Dionysius,
565 1863 664 1928 ‘bodie
689 1866 789 1928 saltim
812 1870 844 1928 in
866 1866 922 1928 bac
944 1886 1051 1929 mensa
1072 1868 1151 1930 bonis

104 1959 220 2020 romeis
243 1958 355 2036 pariter
378 1974 411 2016 ac
435 1956 520 2017 malis
543 1951 621 2018 uti‘d'
654 1952 801 2038 libenter,
823 1950 967 2035 inquam'
1013 1964 1086 2019 tunc
1106 1955 1151 2017 ille

144 2047 301 2107 confestim
320 2044 430 2105 laetum
454 2044 592 2106 clientem
616 2064 796 2125 quamquam
814 2053 845 2106 et
863 2047 1022 2107 attonitum
1041 2046 1151 2127 plebeio

143 2137 273 2215 tegmine
302 2141 404 2214 erepto
436 2136 559 2195 muricis
588 2134 670 2214 Tyrii
702 2153 755 2195 seu
784 2135 940 2196 Tarentini
972 2135 1152 2215 conchyliato

144 2226 217 2286 ditat
249 2224 356 2284 indutu
384 2230 413 2283 et
440 2224 627 2284 renidentem
655 2225 780 2303 gemmis
808 2224 1040 2304 margaritisque
1068 2240 1152 2286 aureo

142 2314 218 2375 lecto
243 2315 429 2390 sericatoque
453 2315 611 2373 toreumati
634 2314 769 2392 imponit.
806 2311 834 2374 7.
859 2330 986 2391 cumque
1009 2329 1152 2392 pransuro

103 2425 129 2466 rs
144 2401 414 2482 Sardanapallicum
432 2403 464 2461 in
481 2419 596 2462 morem
614 2405 699 2481 panis
719 2402 840 2462 daretur
859 2420 875 2462 e
892 2400 1039 2463 Leontina
1058 2408 1152 2482 segete

143 2493 310 2573 conlectus,
337 2493 460 2569 insuper
488 2490 578 2569 dapes
602 2489 698 2551 cultae
721 2488 843 2551 ferculis
867 2489 1045 2552 cultioribus
1069 2508 1153 2572 appo

143 2589 300 2662 necentur,
328 2586 501 2659 spumarent
523 2578 648 2640 Falerno
673 2597 806 2658 gemmae
830 2597 952 2659 capaces
976 2581 1071 2659 inque
1094 2598 1153 2659 cry·

144 2669 238 2730 stallis
265 2669 396 2730 calerent
423 2675 573 2747 unguenta
601 2667 788 2749 glacialibus,
814 2667 873 2728 huc
897 2667 997 2728 suffita
1020 2671 1154 2731 cinnamo

143 2777 177 2819 ac
209 2767 275 2820 ture
308 2759 424 2818 cenatio
455 2765 609 2836 spargeret
637 2759 812 2837 peregrinos
840 2756 963 2817 naribus
992 2757 1101 2821 odores
1128 2763 1155 2818 et

102 2871 130 2911 ao
144 2848 348 2907 madescentes
371 2846 464 2907 nardo
488 2845 609 2926 capillos
633 2847 813 2907 circumfusa
835 2845 943 2907 florum
965 2852 1048 2908 serta
1067 2850 1155 2909 sicca-

143 2942 219 3016 rent,
243 2937 340 3014 coepit
363 2953 452 3014 supra
475 2943 592 3014 tergum
616 2937 659 2996 sic
683 2934 885 2996 recumbentis
904 2942 1028 3014 repente
1047 2936 1155 2997 vibrari

144 3042 247 3085 mumo
272 3023 431 3085 destrictus
456 3043 471 3086 e
495 3023 692 3105 lacunaribus,
712 3026 768 3103 ‚qui
790 3023 945 3085 videbatur
968 3025 1001 3085 in
1022 3026 1156 3106 iugulum

214 3270 247 3318 10
267 3264 391 3335 scorpios
410 3267 444 3335 L,
468 3267 593 3335 scorpius
612 3266 759 3336 ΝΜΟΤΙ
776 3265 820 3320 sui
837 3265 940 3320 ultima
961 3266 985 3322 0
994 3270 1004 3338 Ι
1020 3271 1053 3322 19
1072 3266 1155 3323 hodie

141 3335 286 3407 dionysius
297 3336 323 3389 L
336 3340 345 3403 l
360 3342 393 3391 20
412 3337 526 3405 inquam
538 3339 622 3407 LN¹,
641 3337 735 3406 inquit
745 3338 783 3392 M
784 3339 816 3407 T,
834 3337 934 3405 inquid
944 3335 1022 3394 N‘G
1030 3341 1041 3408 l
1055 3344 1090 3393 28
1103 3340 1156 3393 huo

139 3407 495 3552 oLapZfiblplipcOIffMOTu
509 3415 543 3463 30
562 3416 626 3465 octe
644 3408 813 3464 circumfusa
832 3410 880 3480 lep.
900 3411 929 3464 et
947 3411 980 3464 in
998 3409 1156 3482 1432111-
