<?xml version="1.0" encoding="UTF-8"?>
<!DOCTYPE html PUBLIC "-//W3C//DTD XHTML 1.0 Transitional//EN"
    "http://www.w3.org/TR/xhtml1/DTD/xhtml1-transitional.dtd">
<html xmlns="http://www.w3.org/1999/xhtml" xml:lang="en" lang="en">
 <head>
  <title>
</title>
<meta http-equiv="Content-Type" content="text/html;charset=utf-8" />
  <meta name='ocr-system' content='tesseract 3.04.00' />
  <meta name='ocr-capabilities' content='ocr_page ocr_carea ocr_par ocr_line ocrx_word'/>
</head>
<body>
  <div class='ocr_page' id='page_1' title='image "./csolliusapollin00apolgoog_0063.png"; bbox 0 0 2392 3854; ppageno 0'>
   <div class='ocr_carea' id='block_1_1' title="bbox 136 129 776 198">
    <p class='ocr_par' dir='ltr' id='par_1_1' title="bbox 136 129 776 198">
     <span class='ocr_line' id='line_1_1' title="bbox 136 129 776 198; baseline 0.002 -13"><span class='ocrx_word' id='word_1_1' title='bbox 136 133 177 198; x_wconf 85' lang='lat'><strong>10</strong></span> <span class='ocrx_word' id='word_1_2' title='bbox 507 131 615 186; x_wconf 82' lang='lat' dir='ltr'>LIBER</span> <span class='ocrx_word' id='word_1_3' title='bbox 633 129 776 186; x_wconf 74' lang='lat' dir='ltr'>PRIMUS.</span> 
     </span>
    </p>
   </div>
   <div class='ocr_carea' id='block_1_2' title="bbox 28 279 1153 2409">
    <p class='ocr_par' dir='ltr' id='par_1_2' title="bbox 28 279 1153 2409">
     <span class='ocr_line' id='line_1_2' title="bbox 133 279 1149 362; baseline -0.001 -19"><span class='ocrx_word' id='word_1_4' title='bbox 133 283 214 362; x_wconf 91' lang='lat' dir='ltr'><strong>pulte</strong></span> <span class='ocrx_word' id='word_1_5' title='bbox 247 283 395 343; x_wconf 92' lang='lat' dir='ltr'><strong>fossarum</strong></span> <span class='ocrx_word' id='word_1_6' title='bbox 426 281 564 342; x_wconf 82' lang='lat' dir='ltr'><strong>discursu</strong></span> <span class='ocrx_word' id='word_1_7' title='bbox 600 279 744 359; x_wconf 77' lang='lat' dir='ltr'><strong>lyntrium</strong></span> <span class='ocrx_word' id='word_1_8' title='bbox 775 280 913 341; x_wconf 87' lang='lat' dir='ltr'><strong>ventilata</strong></span> <span class='ocrx_word' id='word_1_9' title='bbox 948 283 1012 360; x_wconf 88' lang='lat' dir='ltr'><strong>ipse</strong></span> <span class='ocrx_word' id='word_1_10' title='bbox 1045 279 1149 342; x_wconf 88' lang='lat' dir='ltr'><strong>lentati</strong></span> 
     </span>
     <span class='ocr_line' id='line_1_3' title="bbox 133 370 1150 450; baseline -0.002 -18"><span class='ocrx_word' id='word_1_11' title='bbox 133 372 289 450; x_wconf 86' lang='lat' dir='ltr'><strong>languidus</strong></span> <span class='ocrx_word' id='word_1_12' title='bbox 325 371 426 450; x_wconf 91' lang='lat' dir='ltr'><strong>lapsus</strong></span> <span class='ocrx_word' id='word_1_13' title='bbox 457 373 570 431; x_wconf 88' lang='lat' dir='ltr'><strong>umoris</strong></span> <span class='ocrx_word' id='word_1_14' title='bbox 606 371 734 430; x_wconf 76' lang='lat' dir='ltr'>nauticis</span> <span class='ocrx_word' id='word_1_15' title='bbox 768 370 940 449; x_wconf 86' lang='lat' dir='ltr'><strong>cuspidibus</strong></span> <span class='ocrx_word' id='word_1_16' title='bbox 972 370 1150 431; x_wconf 84' lang='lat' dir='ltr'><strong>foraminato</strong></span> 
     </span>
     <span class='ocr_line' id='line_1_4' title="bbox 134 458 1151 541; baseline -0.001 -20"><span class='ocrx_word' id='word_1_17' title='bbox 134 461 219 521; x_wconf 91' lang='lat' dir='ltr'><strong>fundi</strong></span> <span class='ocrx_word' id='word_1_18' title='bbox 242 460 356 539; x_wconf 92' lang='lat' dir='ltr'><strong>glutino</strong></span> <span class='ocrx_word' id='word_1_19' title='bbox 380 459 592 539; x_wconf 77' lang='lat' dir='ltr'><strong>sordidaretur,</strong></span> <span class='ocrx_word' id='word_1_20' title='bbox 615 461 647 519; x_wconf 93' lang='lat' dir='ltr'><strong>in</strong></span> <span class='ocrx_word' id='word_1_21' title='bbox 670 458 769 519; x_wconf 93' lang='lat' dir='ltr'><strong>medio</strong></span> <span class='ocrx_word' id='word_1_22' title='bbox 792 459 940 520; x_wconf 88' lang='lat' dir='ltr'><strong>undarum</strong></span> <span class='ocrx_word' id='word_1_23' title='bbox 964 459 1151 541; x_wconf 78' lang='lat' dir='ltr'><strong>sitiebamuS,</strong></span> 
     </span>
     <span class='ocr_line' id='line_1_5' title="bbox 135 547 1152 630; baseline 0 -20"><span class='ocrx_word' id='word_1_24' title='bbox 135 552 203 630; x_wconf 90' lang='lat' dir='ltr'><strong>quia</strong></span> <span class='ocrx_word' id='word_1_25' title='bbox 222 569 368 629; x_wconf 90' lang='lat' dir='ltr'><strong>nusquam</strong></span> <span class='ocrx_word' id='word_1_26' title='bbox 383 549 429 609; x_wconf 85' lang='lat' dir='ltr'><strong>vel</strong></span> <span class='ocrx_word' id='word_1_27' title='bbox 448 547 686 628; x_wconf 82' lang='lat' dir='ltr'><strong>aquaeductuum</strong></span> <span class='ocrx_word' id='word_1_28' title='bbox 704 547 803 627; x_wconf 88' lang='lat' dir='ltr'><strong>liquor</strong></span> <span class='ocrx_word' id='word_1_29' title='bbox 822 550 938 626; x_wconf 89' lang='lat' dir='ltr'><strong>integer</strong></span> <span class='ocrx_word' id='word_1_30' title='bbox 951 547 998 608; x_wconf 89' lang='lat' dir='ltr'><strong>vel</strong></span> <span class='ocrx_word' id='word_1_31' title='bbox 1018 551 1152 610; x_wconf 87' lang='lat' dir='ltr'><strong>cisterna</strong></span> 
     </span>
     <span class='ocr_line' id='line_1_6' title="bbox 105 635 1150 717; baseline 0.002 -21"><span class='ocrx_word' id='word_1_32' title='bbox 105 638 323 699; x_wconf 81' lang='lat' dir='ltr'><strong>cdefaecabilis</strong></span> <span class='ocrx_word' id='word_1_33' title='bbox 345 638 392 698; x_wconf 91' lang='lat' dir='ltr'><strong>vel</strong></span> <span class='ocrx_word' id='word_1_34' title='bbox 415 639 481 699; x_wconf 91' lang='lat' dir='ltr'><strong>fons</strong></span> <span class='ocrx_word' id='word_1_35' title='bbox 500 639 636 716; x_wconf 88' lang='lat' dir='ltr'><strong>inriguus</strong></span> <span class='ocrx_word' id='word_1_36' title='bbox 655 636 702 696; x_wconf 88' lang='lat' dir='ltr'><strong>vel</strong></span> <span class='ocrx_word' id='word_1_37' title='bbox 719 644 828 717; x_wconf 87' lang='lat' dir='ltr'><strong>puteus</strong></span> <span class='ocrx_word' id='word_1_38' title='bbox 847 636 968 697; x_wconf 89' lang='lat' dir='ltr'><strong>inlimis.</strong></span> <span class='ocrx_word' id='word_1_39' title='bbox 1017 635 1045 698; x_wconf 85' lang='grc'><strong>7.</strong></span> <span class='ocrx_word' id='word_1_40' title='bbox 1069 637 1150 698; x_wconf 87' lang='lat' dir='ltr'><strong>unde</strong></span> 
     </span>
     <span class='ocr_line' id='line_1_7' title="bbox 133 727 1152 808; baseline 0 -20"><span class='ocrx_word' id='word_1_41' title='bbox 133 730 301 807; x_wconf 83' lang='lat' dir='ltr'><strong>progressis</strong></span> <span class='ocrx_word' id='word_1_42' title='bbox 332 727 367 788; x_wconf 93' lang='lat' dir='ltr'><strong>ad</strong></span> <span class='ocrx_word' id='word_1_43' title='bbox 395 727 579 788; x_wconf 85' lang='lat' dir='ltr'><strong>Rubiconem</strong></span> <span class='ocrx_word' id='word_1_44' title='bbox 609 734 743 808; x_wconf 88' lang='lat' dir='ltr'><strong>ventum,</strong></span> <span class='ocrx_word' id='word_1_45' title='bbox 777 729 828 806; x_wconf 94' lang='lat' dir='ltr'><strong>qui</strong></span> <span class='ocrx_word' id='word_1_46' title='bbox 861 728 1006 805; x_wconf 81' lang='lat' dir='ltr'><strong>originem</strong></span> <span class='ocrx_word' id='word_1_47' title='bbox 1033 729 1152 788; x_wconf 92' lang='lat' dir='ltr'><strong>nomini</strong></span> 
     </span>
     <span class='ocr_line' id='line_1_8' title="bbox 133 815 1152 896; baseline -0.001 -18"><span class='ocrx_word' id='word_1_48' title='bbox 133 817 170 878; x_wconf 88' lang='lat' dir='ltr'><strong>de</strong></span> <span class='ocrx_word' id='word_1_49' title='bbox 203 816 369 896; x_wconf 83' lang='lat' dir='ltr'><strong>glarearum</strong></span> <span class='ocrx_word' id='word_1_50' title='bbox 406 815 504 876; x_wconf 92' lang='lat' dir='ltr'><strong>colore</strong></span> <span class='ocrx_word' id='word_1_51' title='bbox 540 817 667 895; x_wconf 88' lang='lat' dir='ltr'><strong>puniceo</strong></span> <span class='ocrx_word' id='word_1_52' title='bbox 704 815 895 876; x_wconf 88' lang='lat' dir='ltr'><strong>mutuabatur</strong></span> <span class='ocrx_word' id='word_1_53' title='bbox 932 817 1042 895; x_wconf 88' lang='lat' dir='ltr'><strong>quique</strong></span> <span class='ocrx_word' id='word_1_54' title='bbox 1080 815 1152 877; x_wconf 90' lang='lat' dir='ltr'><strong>olim</strong></span> 
     </span>
     <span class='ocr_line' id='line_1_9' title="bbox 134 904 1151 985; baseline 0 -19"><span class='ocrx_word' id='word_1_55' title='bbox 134 905 224 967; x_wconf 90' lang='lat' dir='ltr'><strong>Gallis</strong></span> <span class='ocrx_word' id='word_1_56' title='bbox 257 905 408 984; x_wconf 90' lang='lat' dir='ltr'><strong>cisalpinis</strong></span> <span class='ocrx_word' id='word_1_57' title='bbox 436 905 577 984; x_wconf 90' lang='lat' dir='ltr'><strong>ltalisque</strong></span> <span class='ocrx_word' id='word_1_58' title='bbox 609 904 760 965; x_wconf 86' lang='lat' dir='ltr'><strong>veteribus</strong></span> <span class='ocrx_word' id='word_1_59' title='bbox 792 906 939 965; x_wconf 88' lang='lat' dir='ltr'><strong>terminus</strong></span> <span class='ocrx_word' id='word_1_60' title='bbox 970 911 1048 985; x_wconf 87' lang='lat' dir='ltr'><strong>erat,</strong></span> <span class='ocrx_word' id='word_1_61' title='bbox 1081 924 1151 966; x_wconf 92' lang='lat' dir='ltr'><strong>cum</strong></span> 
     </span>
     <span class='ocr_line' id='line_1_10' title="bbox 133 993 1151 1075; baseline -0.001 -19"><span class='ocrx_word' id='word_1_62' title='bbox 133 994 251 1075; x_wconf 89' lang='lat' dir='ltr'><strong>populis</strong></span> <span class='ocrx_word' id='word_1_63' title='bbox 283 996 417 1074; x_wconf 90' lang='lat' dir='ltr'><strong>utrisque</strong></span> <span class='ocrx_word' id='word_1_64' title='bbox 449 993 613 1055; x_wconf 91' lang='lat' dir='ltr'><strong>Hadriatici</strong></span> <span class='ocrx_word' id='word_1_65' title='bbox 644 995 735 1054; x_wconf 89' lang='lat' dir='ltr'><strong>maris</strong></span> <span class='ocrx_word' id='word_1_66' title='bbox 773 993 880 1072; x_wconf 93' lang='lat' dir='ltr'><strong>oppida</strong></span> <span class='ocrx_word' id='word_1_67' title='bbox 913 993 1023 1054; x_wconf 87' lang='lat' dir='ltr'><strong>divisui</strong></span> <span class='ocrx_word' id='word_1_68' title='bbox 1056 994 1151 1055; x_wconf 86' lang='lat' dir='ltr'><strong>fuere.</strong></span> 
     </span>
     <span class='ocr_line' id='line_1_11' title="bbox 94 1081 1152 1163; baseline 0.002 -22"><span class='ocrx_word' id='word_1_69' title='bbox 94 1103 120 1142; x_wconf 83' lang='lat'><strong>10</strong></span> <span class='ocrx_word' id='word_1_70' title='bbox 133 1083 203 1144; x_wconf 93' lang='lat' dir='ltr'><strong>hinc</strong></span> <span class='ocrx_word' id='word_1_71' title='bbox 222 1084 387 1144; x_wconf 85' lang='lat' dir='ltr'><strong>Ariminum</strong></span> <span class='ocrx_word' id='word_1_72' title='bbox 410 1083 582 1163; x_wconf 86' lang='lat' dir='ltr'><strong>Fanumque</strong></span> <span class='ocrx_word' id='word_1_73' title='bbox 605 1085 736 1163; x_wconf 86' lang='lat' dir='ltr'><strong>perveni,</strong></span> <span class='ocrx_word' id='word_1_74' title='bbox 759 1082 831 1143; x_wconf 93' lang='lat' dir='ltr'><strong>illud</strong></span> <span class='ocrx_word' id='word_1_75' title='bbox 850 1081 963 1142; x_wconf 91' lang='lat' dir='ltr'><strong>luliana</strong></span> <span class='ocrx_word' id='word_1_76' title='bbox 986 1082 1152 1144; x_wconf 89' lang='lat' dir='ltr'><strong>rebellione</strong></span> 
     </span>
     <span class='ocr_line' id='line_1_12' title="bbox 133 1171 1153 1254; baseline -0.001 -21"><span class='ocrx_word' id='word_1_77' title='bbox 133 1172 335 1254; x_wconf 75' lang='lat' dir='ltr'><strong>memorabile,</strong></span> <span class='ocrx_word' id='word_1_78' title='bbox 358 1173 414 1233; x_wconf 91' lang='lat' dir='ltr'><strong>hoc</strong></span> <span class='ocrx_word' id='word_1_79' title='bbox 436 1171 671 1233; x_wconf 90' lang='lat' dir='ltr'><strong>Hasdrubaliano</strong></span> <span class='ocrx_word' id='word_1_80' title='bbox 693 1172 798 1233; x_wconf 89' lang='lat' dir='ltr'><strong>funere</strong></span> <span class='ocrx_word' id='word_1_81' title='bbox 822 1171 977 1232; x_wconf 88' lang='lat' dir='ltr'><strong>infectum:</strong></span> <span class='ocrx_word' id='word_1_82' title='bbox 1002 1172 1153 1251; x_wconf 88' lang='lat' dir='ltr'><strong>siqnidem</strong></span> 
     </span>
     <span class='ocr_line' id='line_1_13' title="bbox 134 1259 1152 1343; baseline 0 -21"><span class='ocrx_word' id='word_1_83' title='bbox 134 1262 195 1323; x_wconf 90' lang='lat' dir='ltr'><strong>illic</strong></span> <span class='ocrx_word' id='word_1_84' title='bbox 222 1261 386 1343; x_wconf 80' lang='lat' dir='ltr'><strong>Metaurus,</strong></span> <span class='ocrx_word' id='word_1_85' title='bbox 419 1264 504 1323; x_wconf 93' lang='lat' dir='ltr'><strong>cuius</strong></span> <span class='ocrx_word' id='word_1_86' title='bbox 537 1264 577 1321; x_wconf 91' lang='lat' dir='ltr'><strong>ita</strong></span> <span class='ocrx_word' id='word_1_87' title='bbox 611 1259 668 1339; x_wconf 88' lang='lat' dir='ltr'><strong>[in]</strong></span> <span class='ocrx_word' id='word_1_88' title='bbox 702 1261 822 1339; x_wconf 90' lang='lat' dir='ltr'><strong>longum</strong></span> <span class='ocrx_word' id='word_1_89' title='bbox 854 1260 980 1321; x_wconf 83' lang='lat' dir='ltr'><strong>felicitas</strong></span> <span class='ocrx_word' id='word_1_90' title='bbox 1013 1279 1074 1321; x_wconf 92' lang='lat' dir='ltr'><strong>uno</strong></span> <span class='ocrx_word' id='word_1_91' title='bbox 1102 1261 1152 1322; x_wconf 88' lang='lat' dir='ltr'><strong>die</strong></span> 
     </span>
     <span class='ocr_line' id='line_1_14' title="bbox 133 1348 1152 1432; baseline -0.002 -20"><span class='ocrx_word' id='word_1_92' title='bbox 133 1358 217 1431; x_wconf 88' lang='lat' dir='ltr'><strong>parta</strong></span> <span class='ocrx_word' id='word_1_93' title='bbox 241 1353 412 1432; x_wconf 87' lang='lat' dir='ltr'><strong>porrigitur,</strong></span> <span class='ocrx_word' id='word_1_94' title='bbox 436 1370 469 1411; x_wconf 92' lang='lat' dir='ltr'><strong>ac</strong></span> <span class='ocrx_word' id='word_1_95' title='bbox 493 1353 519 1411; x_wconf 92' lang='lat' dir='ltr'><strong>si</strong></span> <span class='ocrx_word' id='word_1_96' title='bbox 538 1353 628 1411; x_wconf 86' lang='lat' dir='ltr'><strong>otiam</strong></span> <span class='ocrx_word' id='word_1_97' title='bbox 647 1369 726 1411; x_wconf 91' lang='lat' dir='ltr'><strong>nunc</strong></span> <span class='ocrx_word' id='word_1_98' title='bbox 744 1349 905 1411; x_wconf 87' lang='lat' dir='ltr'><strong>Dalmatico</strong></span> <span class='ocrx_word' id='word_1_99' title='bbox 925 1348 986 1409; x_wconf 88' lang='lat' dir='ltr'><strong>salo</strong></span> <span class='ocrx_word' id='word_1_100' title='bbox 1007 1349 1152 1410; x_wconf 87' lang='lat' dir='ltr'><strong>cadavera</strong></span> 
     </span>
     <span class='ocr_line' id='line_1_15' title="bbox 135 1435 1153 1519; baseline -0.001 -18"><span class='ocrx_word' id='word_1_101' title='bbox 135 1441 362 1519; x_wconf 90' lang='lat' dir='ltr'><strong>sanguinulenta</strong></span> <span class='ocrx_word' id='word_1_102' title='bbox 398 1440 575 1500; x_wconf 88' lang='lat' dir='ltr'><strong>decoloratis</strong></span> <span class='ocrx_word' id='word_1_103' title='bbox 612 1439 779 1518; x_wconf 89' lang='lat' dir='ltr'><strong>gurgitibus</strong></span> <span class='ocrx_word' id='word_1_104' title='bbox 817 1439 949 1499; x_wconf 87' lang='lat' dir='ltr'><strong>inferret.</strong></span> <span class='ocrx_word' id='word_1_105' title='bbox 1012 1435 1043 1499; x_wconf 87' lang='lat'><strong>8.</strong></span> <span class='ocrx_word' id='word_1_106' title='bbox 1080 1438 1153 1500; x_wconf 91' lang='lat' dir='ltr'><strong>hinc</strong></span> 
     </span>
     <span class='ocr_line' id='line_1_16' title="bbox 94 1527 1152 1609; baseline 0.003 -23"><span class='ocrx_word' id='word_1_107' title='bbox 94 1546 119 1586; x_wconf 81' lang='lat'><strong>15</strong></span> <span class='ocrx_word' id='word_1_108' title='bbox 134 1537 233 1590; x_wconf 89' lang='lat' dir='ltr'><strong>cetera</strong></span> <span class='ocrx_word' id='word_1_109' title='bbox 257 1529 417 1589; x_wconf 91' lang='lat' dir='ltr'><strong>Flaminiae</strong></span> <span class='ocrx_word' id='word_1_110' title='bbox 446 1529 554 1608; x_wconf 92' lang='lat' dir='ltr'><strong>oppida</strong></span> <span class='ocrx_word' id='word_1_111' title='bbox 577 1530 691 1609; x_wconf 90' lang='lat' dir='ltr'><strong>statim,</strong></span> <span class='ocrx_word' id='word_1_112' title='bbox 718 1535 751 1589; x_wconf 92' lang='lat' dir='ltr'><strong>ut</strong></span> <span class='ocrx_word' id='word_1_113' title='bbox 778 1527 980 1608; x_wconf 88' lang='lat' dir='ltr'><strong>ingrediebar,</strong></span> <span class='ocrx_word' id='word_1_114' title='bbox 1009 1545 1152 1606; x_wconf 88' lang='lat' dir='ltr'><strong>egressus</strong></span> 
     </span>
     <span class='ocr_line' id='line_1_17' title="bbox 133 1615 1152 1697; baseline 0.001 -21"><span class='ocrx_word' id='word_1_115' title='bbox 133 1617 215 1678; x_wconf 91' lang='lat' dir='ltr'><strong>laevo</strong></span> <span class='ocrx_word' id='word_1_116' title='bbox 238 1617 384 1697; x_wconf 88' lang='lat' dir='ltr'><strong>Picentes,</strong></span> <span class='ocrx_word' id='word_1_117' title='bbox 412 1618 515 1677; x_wconf 84' lang='lat' dir='ltr'><strong>dextro</strong></span> <span class='ocrx_word' id='word_1_118' title='bbox 539 1616 666 1678; x_wconf 91' lang='lat' dir='ltr'><strong>Umbros</strong></span> <span class='ocrx_word' id='word_1_119' title='bbox 689 1616 780 1678; x_wconf 88' lang='lat' dir='ltr'><strong>latere</strong></span> <span class='ocrx_word' id='word_1_120' title='bbox 803 1618 970 1696; x_wconf 78' lang='lat' dir='ltr'><strong>transmis13</strong></span> <span class='ocrx_word' id='word_1_121' title='bbox 998 1615 1052 1677; x_wconf 87' lang='lat' dir='ltr'><strong>ubi</strong></span> <span class='ocrx_word' id='word_1_122' title='bbox 1075 1617 1152 1678; x_wconf 93' lang='lat' dir='ltr'><strong>mihi</strong></span> 
     </span>
     <span class='ocr_line' id='line_1_18' title="bbox 135 1705 1152 1786; baseline 0.001 -21"><span class='ocrx_word' id='word_1_123' title='bbox 135 1725 188 1767; x_wconf 90' lang='lat' dir='ltr'><strong>sen</strong></span> <span class='ocrx_word' id='word_1_124' title='bbox 209 1706 332 1767; x_wconf 88' lang='lat' dir='ltr'><strong>Calaber</strong></span> <span class='ocrx_word' id='word_1_125' title='bbox 349 1705 492 1766; x_wconf 76' lang='lat' dir='ltr'><strong>Atabulus</strong></span> <span class='ocrx_word' id='word_1_126' title='bbox 516 1724 569 1766; x_wconf 88' lang='lat' dir='ltr'><strong>seu</strong></span> <span class='ocrx_word' id='word_1_127' title='bbox 591 1706 735 1786; x_wconf 87' lang='lat' dir='ltr'><strong>pestilens</strong></span> <span class='ocrx_word' id='word_1_128' title='bbox 758 1708 840 1785; x_wconf 88' lang='lat' dir='ltr'><strong>regio</strong></span> <span class='ocrx_word' id='word_1_129' title='bbox 855 1705 1021 1766; x_wconf 87' lang='lat' dir='ltr'><strong>Tuscorum</strong></span> <span class='ocrx_word' id='word_1_130' title='bbox 1041 1707 1152 1785; x_wconf 87' lang='lat' dir='ltr'><strong>spiritu</strong></span> 
     </span>
     <span class='ocr_line' id='line_1_19' title="bbox 134 1793 1152 1856; baseline 0 -1"><span class='ocrx_word' id='word_1_131' title='bbox 134 1797 211 1855; x_wconf 89' lang='lat' dir='ltr'><strong>aeris</strong></span> <span class='ocrx_word' id='word_1_132' title='bbox 239 1796 392 1855; x_wconf 89' lang='lat' dir='ltr'><strong>venenatis</strong></span> <span class='ocrx_word' id='word_1_133' title='bbox 420 1793 539 1854; x_wconf 88' lang='lat' dir='ltr'><strong>flatibus</strong></span> <span class='ocrx_word' id='word_1_134' title='bbox 568 1795 715 1856; x_wconf 87' lang='lat' dir='ltr'><strong>inebriato</strong></span> <span class='ocrx_word' id='word_1_135' title='bbox 743 1802 773 1855; x_wconf 90' lang='lat' dir='ltr'><strong>et</strong></span> <span class='ocrx_word' id='word_1_136' title='bbox 801 1794 889 1855; x_wconf 93' lang='lat' dir='ltr'><strong>modo</strong></span> <span class='ocrx_word' id='word_1_137' title='bbox 918 1793 1032 1855; x_wconf 88' lang='lat' dir='ltr'><strong>calores</strong></span> <span class='ocrx_word' id='word_1_138' title='bbox 1062 1794 1152 1856; x_wconf 88' lang='lat' dir='ltr'><strong>alter·</strong></span> 
     </span>
     <span class='ocr_line' id='line_1_20' title="bbox 133 1883 1152 1963; baseline 0.001 -20"><span class='ocrx_word' id='word_1_139' title='bbox 133 1891 236 1963; x_wconf 90' lang='lat' dir='ltr'><strong>nante,</strong></span> <span class='ocrx_word' id='word_1_140' title='bbox 268 1884 355 1943; x_wconf 92' lang='lat' dir='ltr'><strong>modo</strong></span> <span class='ocrx_word' id='word_1_141' title='bbox 388 1883 498 1961; x_wconf 83' lang='lat' dir='ltr'><strong>frigora</strong></span> <span class='ocrx_word' id='word_1_142' title='bbox 531 1891 704 1962; x_wconf 83' lang='lat' dir='ltr'><strong>vaporatum</strong></span> <span class='ocrx_word' id='word_1_143' title='bbox 737 1903 845 1963; x_wconf 88' lang='lat' dir='ltr'><strong>corpus</strong></span> <span class='ocrx_word' id='word_1_144' title='bbox 877 1884 987 1944; x_wconf 89' lang='lat' dir='ltr'><strong>infecit.</strong></span> <span class='ocrx_word' id='word_1_145' title='bbox 1034 1885 1152 1945; x_wconf 86' lang='lat' dir='ltr'><strong>interea</strong></span> 
     </span>
     <span class='ocr_line' id='line_1_21' title="bbox 92 1971 1151 2051; baseline 0.004 -21"><span class='ocrx_word' id='word_1_146' title='bbox 92 1971 226 2032; x_wconf 69' lang='lat' dir='ltr'><strong>celebris</strong></span> <span class='ocrx_word' id='word_1_147' title='bbox 250 1974 375 2050; x_wconf 88' lang='lat' dir='ltr'><strong>sitisque</strong></span> <span class='ocrx_word' id='word_1_148' title='bbox 398 1973 619 2050; x_wconf 88' lang='lat' dir='ltr'><strong>penitissimum</strong></span> <span class='ocrx_word' id='word_1_149' title='bbox 647 1973 746 2033; x_wconf 92' lang='lat' dir='ltr'><strong>cordis</strong></span> <span class='ocrx_word' id='word_1_150' title='bbox 769 1971 1025 2051; x_wconf 88' lang='lat' dir='ltr'><strong>medullarumque</strong></span> <span class='ocrx_word' id='word_1_151' title='bbox 1051 1991 1151 2034; x_wconf 88' lang='lat' dir='ltr'><strong>secre-</strong></span> 
     </span>
     <span class='ocr_line' id='line_1_22' title="bbox 133 2060 1151 2141; baseline 0.003 -21"><span class='ocrx_word' id='word_1_152' title='bbox 133 2069 197 2121; x_wconf 91' lang='lat' dir='ltr'><strong>tum</strong></span> <span class='ocrx_word' id='word_1_153' title='bbox 220 2060 488 2141; x_wconf 83' lang='lat' dir='ltr'><strong>depopulabantur3</strong></span> <span class='ocrx_word' id='word_1_154' title='bbox 517 2079 642 2138; x_wconf 90' lang='lat' dir='ltr'><strong>quarum</strong></span> <span class='ocrx_word' id='word_1_155' title='bbox 665 2062 798 2121; x_wconf 88' lang='lat' dir='ltr'><strong>aviditati</strong></span> <span class='ocrx_word' id='word_1_156' title='bbox 820 2080 881 2122; x_wconf 94' lang='lat' dir='ltr'><strong>non</strong></span> <span class='ocrx_word' id='word_1_157' title='bbox 905 2061 1002 2122; x_wconf 93' lang='lat' dir='ltr'><strong>solum</strong></span> <span class='ocrx_word' id='word_1_158' title='bbox 1024 2080 1151 2123; x_wconf 91' lang='lat' dir='ltr'><strong>amoena</strong></span> 
     </span>
     <span class='ocr_line' id='line_1_23' title="bbox 133 2149 1152 2231; baseline 0.001 -21"><span class='ocrx_word' id='word_1_159' title='bbox 133 2150 261 2210; x_wconf 90' lang='lat' dir='ltr'><strong>fontium</strong></span> <span class='ocrx_word' id='word_1_160' title='bbox 284 2156 335 2210; x_wconf 88' lang='lat' dir='ltr'><strong>aut</strong></span> <span class='ocrx_word' id='word_1_161' title='bbox 357 2149 493 2210; x_wconf 90' lang='lat' dir='ltr'><strong>abstrusa</strong></span> <span class='ocrx_word' id='word_1_162' title='bbox 520 2157 692 2230; x_wconf 89' lang='lat' dir='ltr'><strong>puteorum,</strong></span> <span class='ocrx_word' id='word_1_163' title='bbox 720 2168 898 2229; x_wconf 91' lang='lat' dir='ltr'><strong>quamquam</strong></span> <span class='ocrx_word' id='word_1_164' title='bbox 920 2149 993 2210; x_wconf 89' lang='lat' dir='ltr'><strong>haec</strong></span> <span class='ocrx_word' id='word_1_165' title='bbox 1021 2169 1152 2231; x_wconf 90' lang='lat' dir='ltr'><strong>quoque,</strong></span> 
     </span>
     <span class='ocr_line' id='line_1_24' title="bbox 28 2238 1152 2319; baseline 0.002 -21"><span class='ocrx_word' id='word_1_166' title='bbox 28 2289 30 2292; x_wconf 26' lang='grc'><strong>1</strong></span> <span class='ocrx_word' id='word_1_167' title='bbox 135 2239 185 2300; x_wconf 90' lang='lat' dir='ltr'><strong>sed</strong></span> <span class='ocrx_word' id='word_1_168' title='bbox 218 2246 279 2299; x_wconf 87' lang='lat' dir='ltr'><strong>tota</strong></span> <span class='ocrx_word' id='word_1_169' title='bbox 312 2238 362 2298; x_wconf 92' lang='lat' dir='ltr'><strong>illa</strong></span> <span class='ocrx_word' id='word_1_170' title='bbox 389 2238 435 2299; x_wconf 93' lang='lat' dir='ltr'><strong>vel</strong></span> <span class='ocrx_word' id='word_1_171' title='bbox 463 2240 559 2300; x_wconf 88' lang='lat' dir='ltr'><strong>vicina</strong></span> <span class='ocrx_word' id='word_1_172' title='bbox 586 2239 632 2300; x_wconf 87' lang='lat' dir='ltr'><strong>vel</strong></span> <span class='ocrx_word' id='word_1_173' title='bbox 660 2239 745 2300; x_wconf 90' lang='lat' dir='ltr'><strong>obvia</strong></span> <span class='ocrx_word' id='word_1_174' title='bbox 772 2239 891 2319; x_wconf 85' lang='lat' dir='ltr'><strong>fluenta,</strong></span> <span class='ocrx_word' id='word_1_175' title='bbox 924 2239 954 2298; x_wconf 92' lang='lat' dir='ltr'><strong>id</strong></span> <span class='ocrx_word' id='word_1_176' title='bbox 985 2246 1031 2299; x_wconf 89' lang='lat' dir='ltr'><strong>est</strong></span> <span class='ocrx_word' id='word_1_177' title='bbox 1055 2242 1152 2300; x_wconf 86' lang='lat' dir='ltr'><strong>vitrea</strong></span> 
     </span>
     <span class='ocr_line' id='line_1_25' title="bbox 133 2327 1150 2409; baseline 0.002 -22"><span class='ocrx_word' id='word_1_178' title='bbox 133 2328 228 2389; x_wconf 87' lang='lat' dir='ltr'><strong>Velini</strong></span> <span class='ocrx_word' id='word_1_179' title='bbox 260 2328 356 2408; x_wconf 89' lang='lat' dir='ltr'><strong>gelida</strong></span> <span class='ocrx_word' id='word_1_180' title='bbox 388 2327 544 2408; x_wconf 81' lang='lat' dir='ltr'><strong>Clitumni,</strong></span> <span class='ocrx_word' id='word_1_181' title='bbox 575 2330 696 2390; x_wconf 77' lang='lat' dir='ltr'><strong>Anienis</strong></span> <span class='ocrx_word' id='word_1_182' title='bbox 729 2328 847 2390; x_wconf 88' lang='lat' dir='ltr'><strong>caerula</strong></span> <span class='ocrx_word' id='word_1_183' title='bbox 879 2327 966 2388; x_wconf 91' lang='lat' dir='ltr'><strong>Naris</strong></span> <span class='ocrx_word' id='word_1_184' title='bbox 999 2327 1150 2409; x_wconf 87' lang='lat' dir='ltr'><strong>sulpurea,</strong></span> 
     </span>
    </p>
   </div>
   <div class='ocr_carea' id='block_1_3' title="bbox 93 2410 1151 2941">
    <p class='ocr_par' dir='ltr' id='par_1_3' title="bbox 94 2410 1151 2854">
     <span class='ocr_line' id='line_1_26' title="bbox 94 2410 1151 2497; baseline 0.004 -23"><span class='ocrx_word' id='word_1_185' title='bbox 94 2435 120 2474; x_wconf 81' lang='lat'><strong>25</strong></span> <span class='ocrx_word' id='word_1_186' title='bbox 133 2437 208 2496; x_wconf 93' lang='lat' dir='ltr'><strong>pura</strong></span> <span class='ocrx_word' id='word_1_187' title='bbox 240 2418 361 2480; x_wconf 85' lang='lat' dir='ltr'><strong>Fabaris</strong></span> <span class='ocrx_word' id='word_1_188' title='bbox 398 2410 517 2478; x_wconf 89' lang='lat' dir='ltr'><strong>turbida</strong></span> <span class='ocrx_word' id='word_1_189' title='bbox 549 2417 679 2497; x_wconf 87' lang='lat' dir='ltr'><strong>Tiberis,</strong></span> <span class='ocrx_word' id='word_1_190' title='bbox 715 2426 797 2479; x_wconf 89' lang='lat' dir='ltr'><strong>metu</strong></span> <span class='ocrx_word' id='word_1_191' title='bbox 834 2424 933 2477; x_wconf 89' lang='lat' dir='ltr'><strong>tamen</strong></span> <span class='ocrx_word' id='word_1_192' title='bbox 965 2416 1151 2478; x_wconf 88' lang='lat' dir='ltr'><strong>desiderium</strong></span> 
     </span>
     <span class='ocr_line' id='line_1_27' title="bbox 134 2504 1150 2588; baseline 0.001 -23"><span class='ocrx_word' id='word_1_193' title='bbox 134 2506 261 2588; x_wconf 89' lang='lat' dir='ltr'><strong>fallente,</strong></span> <span class='ocrx_word' id='word_1_194' title='bbox 284 2506 505 2588; x_wconf 91' lang='lat' dir='ltr'><strong>pollicebamur.</strong></span> <span class='ocrx_word' id='word_1_195' title='bbox 553 2504 582 2568; x_wconf 88' lang='lat'><strong>9.</strong></span> <span class='ocrx_word' id='word_1_196' title='bbox 606 2508 685 2567; x_wconf 90' lang='lat' dir='ltr'><strong>inter</strong></span> <span class='ocrx_word' id='word_1_197' title='bbox 707 2507 780 2567; x_wconf 89' lang='lat' dir='ltr'><strong>haec</strong></span> <span class='ocrx_word' id='word_1_198' title='bbox 802 2508 898 2586; x_wconf 88' lang='lat' dir='ltr'><strong>patuit</strong></span> <span class='ocrx_word' id='word_1_199' title='bbox 916 2512 946 2566; x_wconf 88' lang='lat' dir='ltr'><strong>et</strong></span> <span class='ocrx_word' id='word_1_200' title='bbox 964 2505 1057 2566; x_wconf 91' lang='lat' dir='ltr'><strong>Roma</strong></span> <span class='ocrx_word' id='word_1_201' title='bbox 1079 2525 1150 2567; x_wconf 89' lang='lat' dir='ltr'><strong>oon·</strong></span> 
     </span>
     <span class='ocr_line' id='line_1_28' title="bbox 134 2595 1149 2678; baseline 0.002 -24"><span class='ocrx_word' id='word_1_202' title='bbox 134 2599 263 2678; x_wconf 78' lang='lat' dir='ltr'><strong>spectni3</strong></span> <span class='ocrx_word' id='word_1_203' title='bbox 291 2599 376 2658; x_wconf 91' lang='lat' dir='ltr'><strong>cuins</strong></span> <span class='ocrx_word' id='word_1_204' title='bbox 403 2596 478 2656; x_wconf 92' lang='lat' dir='ltr'><strong>mihi</strong></span> <span class='ocrx_word' id='word_1_205' title='bbox 500 2613 561 2656; x_wconf 92' lang='lat' dir='ltr'><strong>non</strong></span> <span class='ocrx_word' id='word_1_206' title='bbox 585 2595 681 2657; x_wconf 92' lang='lat' dir='ltr'><strong>solum</strong></span> <span class='ocrx_word' id='word_1_207' title='bbox 704 2596 813 2656; x_wconf 88' lang='lat' dir='ltr'><strong>formas</strong></span> <span class='ocrx_word' id='word_1_208' title='bbox 836 2612 939 2655; x_wconf 86' lang='lat' dir='ltr'><strong>verum</strong></span> <span class='ocrx_word' id='word_1_209' title='bbox 963 2597 1053 2654; x_wconf 88' lang='lat' dir='ltr'><strong>etiam</strong></span> <span class='ocrx_word' id='word_1_210' title='bbox 1077 2614 1149 2656; x_wconf 91' lang='lat' dir='ltr'><strong>nau-</strong></span> 
     </span>
     <span class='ocr_line' id='line_1_29' title="bbox 134 2682 1150 2765; baseline 0.002 -22"><span class='ocrx_word' id='word_1_211' title='bbox 134 2684 264 2746; x_wconf 88' lang='lat' dir='ltr'><strong>machias</strong></span> <span class='ocrx_word' id='word_1_212' title='bbox 287 2685 409 2747; x_wconf 88' lang='lat' dir='ltr'><strong>videbar</strong></span> <span class='ocrx_word' id='word_1_213' title='bbox 432 2692 614 2765; x_wconf 91' lang='lat' dir='ltr'><strong>epotaturus.</strong></span> <span class='ocrx_word' id='word_1_214' title='bbox 659 2683 712 2746; x_wconf 93' lang='lat' dir='ltr'><strong>ubi</strong></span> <span class='ocrx_word' id='word_1_215' title='bbox 734 2686 908 2764; x_wconf 88' lang='lat' dir='ltr'><strong>priusquam</strong></span> <span class='ocrx_word' id='word_1_216' title='bbox 932 2682 978 2743; x_wconf 88' lang='lat' dir='ltr'><strong>vel</strong></span> <span class='ocrx_word' id='word_1_217' title='bbox 996 2686 1150 2763; x_wconf 88' lang='lat' dir='ltr'><strong>pomoeria</strong></span> 
     </span>
     <span class='ocr_line' id='line_1_30' title="bbox 134 2772 1149 2854; baseline 0.002 -22"><span class='ocrx_word' id='word_1_218' title='bbox 134 2775 351 2854; x_wconf 88' lang='lat' dir='ltr'><strong>contingerem,</strong></span> <span class='ocrx_word' id='word_1_219' title='bbox 379 2773 608 2854; x_wconf 89' lang='lat' dir='ltr'><strong>triumphalibus</strong></span> <span class='ocrx_word' id='word_1_220' title='bbox 636 2773 837 2853; x_wconf 88' lang='lat' dir='ltr'><strong>apostolorum</strong></span> <span class='ocrx_word' id='word_1_221' title='bbox 860 2772 1012 2833; x_wconf 92' lang='lat' dir='ltr'><strong>liminibus</strong></span> <span class='ocrx_word' id='word_1_222' title='bbox 1037 2774 1149 2834; x_wconf 87' lang='lat' dir='ltr'><strong>alfusus</strong></span> 
     </span>
    </p>

    <p class='ocr_par' dir='ltr' id='par_1_4' title="bbox 93 2861 1149 2941">
     <span class='ocr_line' id='line_1_31' title="bbox 93 2861 1149 2941; baseline 0.005 -23"><span class='ocrx_word' id='word_1_223' title='bbox 93 2879 120 2918; x_wconf 83' lang='lat' dir='ltr'><strong>ao</strong></span> <span class='ocrx_word' id='word_1_224' title='bbox 134 2879 252 2921; x_wconf 91' lang='lat' dir='ltr'><strong>omnem</strong></span> <span class='ocrx_word' id='word_1_225' title='bbox 283 2865 420 2941; x_wconf 88' lang='lat' dir='ltr'><strong>protinus</strong></span> <span class='ocrx_word' id='word_1_226' title='bbox 455 2865 536 2924; x_wconf 88' lang='lat' dir='ltr'><strong>sensi</strong></span> <span class='ocrx_word' id='word_1_227' title='bbox 563 2862 706 2923; x_wconf 88' lang='lat' dir='ltr'><strong>membris</strong></span> <span class='ocrx_word' id='word_1_228' title='bbox 734 2861 809 2922; x_wconf 89' lang='lat' dir='ltr'><strong>male</strong></span> <span class='ocrx_word' id='word_1_229' title='bbox 839 2861 965 2921; x_wconf 91' lang='lat' dir='ltr'><strong>fortibus</strong></span> <span class='ocrx_word' id='word_1_230' title='bbox 994 2861 1149 2941; x_wconf 82' lang='lat' dir='ltr'><strong>explosum</strong></span> 
     </span>
    </p>
   </div>
   <div class='ocr_carea' id='block_1_4' title="bbox 120 3066 1152 3568">
    <p class='ocr_par' dir='ltr' id='par_1_5' title="bbox 120 3066 1152 3568">
     <span class='ocr_line' id='line_1_32' title="bbox 206 3066 1149 3140; baseline 0.001 -19"><span class='ocrx_word' id='word_1_231' title='bbox 206 3074 220 3121; x_wconf 91' lang='lat'>1</span> <span class='ocrx_word' id='word_1_232' title='bbox 240 3075 304 3123; x_wconf 81' lang='lat' dir='ltr'><strong>oute</strong></span> <span class='ocrx_word' id='word_1_233' title='bbox 322 3067 383 3136; x_wconf 87' lang='lat' dir='ltr'><strong>ipse</strong></span> <span class='ocrx_word' id='word_1_234' title='bbox 399 3070 447 3140; x_wconf 78' lang='lat' dir='ltr'><strong>leq.</strong></span> <span class='ocrx_word' id='word_1_235' title='bbox 463 3072 492 3123; x_wconf 81' lang='lat' dir='ltr'><strong>et</strong></span> <span class='ocrx_word' id='word_1_236' title='bbox 510 3071 542 3124; x_wconf 80' lang='lat' dir='ltr'><strong>iu</strong></span> <span class='ocrx_word' id='word_1_237' title='bbox 556 3070 594 3123; x_wconf 89' lang='lat' dir='ltr'><strong><em>M</em></strong></span> <span class='ocrx_word' id='word_1_238' title='bbox 597 3070 620 3125; x_wconf 83' lang='lat'><em>0</em></span> <span class='ocrx_word' id='word_1_239' title='bbox 635 3075 660 3125; x_wconf 85' lang='lat' dir='ltr'><strong>et</strong></span> <span class='ocrx_word' id='word_1_240' title='bbox 672 3086 694 3125; x_wconf 88' lang='lat' dir='ltr'><strong>s.</strong></span> <span class='ocrx_word' id='word_1_241' title='bbox 709 3069 726 3123; x_wconf 85' lang='lat' dir='ltr'><strong>l.</strong></span> <span class='ocrx_word' id='word_1_242' title='bbox 742 3069 774 3124; x_wconf 80' lang='lat' dir='ltr'><strong>fo</strong></span> <span class='ocrx_word' id='word_1_243' title='bbox 789 3069 821 3137; x_wconf 84' lang='lat' dir='ltr'><strong>T,</strong></span> <span class='ocrx_word' id='word_1_244' title='bbox 840 3084 890 3123; x_wconf 81' lang='lat' dir='ltr'><strong>om.</strong></span> <span class='ocrx_word' id='word_1_245' title='bbox 905 3066 971 3122; x_wconf 88' lang='lat' dir='ltr'><strong>LN</strong></span> <span class='ocrx_word' id='word_1_246' title='bbox 979 3068 989 3136; x_wconf 85' lang='grc'><strong>11</strong></span> <span class='ocrx_word' id='word_1_247' title='bbox 1004 3073 1018 3120; x_wconf 79' lang='lat' dir='ltr'><strong>&#39;l</strong></span> <span class='ocrx_word' id='word_1_248' title='bbox 1039 3069 1149 3122; x_wconf 86' lang='lat' dir='ltr'><strong>mutua-</strong></span> 
     </span>
     <span class='ocr_line' id='line_1_33' title="bbox 134 3139 1150 3208; baseline 0.004 -17"><span class='ocrx_word' id='word_1_249' title='bbox 134 3139 219 3192; x_wconf 86' lang='lat' dir='ltr'><strong>batur</strong></span> <span class='ocrx_word' id='word_1_250' title='bbox 232 3139 259 3192; x_wconf 98' lang='lat' dir='ltr'><strong><em>L</em></strong></span> <span class='ocrx_word' id='word_1_251' title='bbox 277 3146 303 3194; x_wconf 89' lang='lat' dir='ltr'><strong>et</strong></span> <span class='ocrx_word' id='word_1_252' title='bbox 320 3146 352 3194; x_wconf 83' lang='lat' dir='ltr'><strong>ut</strong></span> <span class='ocrx_word' id='word_1_253' title='bbox 369 3141 423 3195; x_wconf 83' lang='lat' dir='ltr'><strong>oid.</strong></span> <span class='ocrx_word' id='word_1_254' title='bbox 440 3140 474 3194; x_wconf 91' lang='lat' dir='ltr'><em>N</em></span> <span class='ocrx_word' id='word_1_255' title='bbox 490 3145 570 3208; x_wconf 84' lang='lat' dir='ltr'><strong>(corr.</strong></span> <span class='ocrx_word' id='word_1_256' title='bbox 589 3142 621 3195; x_wconf 82' lang='lat' dir='ltr'><strong>iu</strong></span> <span class='ocrx_word' id='word_1_257' title='bbox 639 3141 784 3194; x_wconf 83' lang='lat' dir='ltr'><strong>mutuatur</strong></span> <span class='ocrx_word' id='word_1_258' title='bbox 798 3140 833 3194; x_wconf 89' lang='lat' dir='ltr'><em>N</em></span> <span class='ocrx_word' id='word_1_259' title='bbox 837 3141 867 3207; x_wconf 88' lang='lat'><strong>¹),</strong></span> <span class='ocrx_word' id='word_1_260' title='bbox 885 3139 1052 3193; x_wconf 63' lang='lat' dir='ltr'><strong>mutuamur</strong></span> <span class='ocrx_word' id='word_1_261' title='bbox 1070 3141 1100 3208; x_wconf 91' lang='lat' dir='ltr'><strong>(n</strong></span> <span class='ocrx_word' id='word_1_262' title='bbox 1117 3145 1150 3195; x_wconf 80' lang='lat' dir='ltr'><strong>ut</strong></span> 
     </span>
     <span class='ocr_line' id='line_1_34' title="bbox 133 3209 1151 3283; baseline -0.002 -17"><span class='ocrx_word' id='word_1_263' title='bbox 133 3229 157 3266; x_wconf 88' lang='lat' dir='ltr'><strong>c.</strong></span> <span class='ocrx_word' id='word_1_264' title='bbox 173 3228 209 3266; x_wconf 83' lang='lat' dir='ltr'><strong>er.</strong></span> <span class='ocrx_word' id='word_1_265' title='bbox 224 3210 262 3263; x_wconf 87' lang='lat' dir='ltr'><em>M</em></span> <span class='ocrx_word' id='word_1_266' title='bbox 266 3210 334 3279; x_wconf 74' lang='lat' dir='ltr'><strong>²)M,</strong></span> <span class='ocrx_word' id='word_1_267' title='bbox 352 3213 498 3265; x_wconf 84' lang='lat' dir='ltr'><strong>mutuatur</strong></span> <span class='ocrx_word' id='word_1_268' title='bbox 519 3211 583 3279; x_wconf 83' lang='lat' dir='ltr'><strong>OT;</strong></span> <span class='ocrx_word' id='word_1_269' title='bbox 601 3213 636 3279; x_wconf 82' lang='lat' dir='ltr'><strong>cf.</strong></span> <span class='ocrx_word' id='word_1_270' title='bbox 651 3228 738 3281; x_wconf 83' lang='lat' dir='ltr'><strong>supra</strong></span> <span class='ocrx_word' id='word_1_271' title='bbox 755 3210 776 3283; x_wconf 63' lang='grc' dir='ltr'><em>ἕ</em></span> <span class='ocrx_word' id='word_1_272' title='bbox 790 3214 808 3265; x_wconf 83' lang='grc'>4</span> <span class='ocrx_word' id='word_1_273' title='bbox 826 3210 987 3265; x_wconf 84' lang='lat' dir='ltr'><strong>oriebantur</strong></span> <span class='ocrx_word' id='word_1_274' title='bbox 1000 3212 1010 3276; x_wconf 82' lang='grc'><strong>11</strong></span> <span class='ocrx_word' id='word_1_275' title='bbox 1026 3215 1059 3264; x_wconf 89' lang='grc'><strong>10</strong></span> <span class='ocrx_word' id='word_1_276' title='bbox 1078 3209 1151 3264; x_wconf 80' lang='lat' dir='ltr'><strong>iulia</strong></span> 
     </span>
     <span class='ocr_line' id='line_1_35' title="bbox 134 3280 1151 3352; baseline 0 -15"><span class='ocrx_word' id='word_1_277' title='bbox 134 3286 185 3352; x_wconf 84' lang='lat' dir='ltr'><strong>(sp.</strong></span> <span class='ocrx_word' id='word_1_278' title='bbox 201 3286 240 3338; x_wconf 82' lang='lat'><strong>24</strong></span> <span class='ocrx_word' id='word_1_279' title='bbox 260 3283 310 3336; x_wconf 79' lang='lat' dir='ltr'><strong>litt.</strong></span> <span class='ocrx_word' id='word_1_280' title='bbox 329 3286 399 3346; x_wconf 84' lang='lat' dir='ltr'><strong>eac.)</strong></span> <span class='ocrx_word' id='word_1_281' title='bbox 419 3282 473 3337; x_wconf 88' lang='lat' dir='ltr'><strong>hoc</strong></span> <span class='ocrx_word' id='word_1_282' title='bbox 491 3283 519 3336; x_wconf 87' lang='lat' dir='ltr'><strong><em>L</em></strong></span> <span class='ocrx_word' id='word_1_283' title='bbox 532 3284 541 3352; x_wconf 76' lang='lat' dir='ltr'><strong>l]</strong></span> <span class='ocrx_word' id='word_1_284' title='bbox 557 3288 588 3336; x_wconf 79' lang='lat'><strong>12</strong></span> <span class='ocrx_word' id='word_1_285' title='bbox 608 3283 639 3335; x_wconf 91' lang='lat' dir='ltr'><strong>in</strong></span> <span class='ocrx_word' id='word_1_286' title='bbox 656 3300 707 3338; x_wconf 74' lang='lat' dir='ltr'><strong>ooo.</strong></span> <span class='ocrx_word' id='word_1_287' title='bbox 722 3283 761 3351; x_wconf 91' lang='lat' dir='ltr'><strong>L,</strong></span> <span class='ocrx_word' id='word_1_288' title='bbox 780 3299 801 3337; x_wconf 85' lang='lat' dir='ltr'><strong>s.</strong></span> <span class='ocrx_word' id='word_1_289' title='bbox 821 3283 839 3336; x_wconf 87' lang='lat' dir='ltr'><strong>l.</strong></span> <span class='ocrx_word' id='word_1_290' title='bbox 858 3282 922 3337; x_wconf 82' lang='lat' dir='ltr'><strong>add.</strong></span> <span class='ocrx_word' id='word_1_291' title='bbox 938 3280 971 3335; x_wconf 89' lang='lat' dir='ltr'><em>N</em></span> <span class='ocrx_word' id='word_1_292' title='bbox 976 3281 1030 3346; x_wconf 84' lang='lat' dir='ltr'><strong>¹V;</strong></span> <span class='ocrx_word' id='word_1_293' title='bbox 1052 3282 1151 3337; x_wconf 76' lang='lat' dir='ltr'><strong>seclusi</strong></span> 
     </span>
     <span class='ocr_line' id='line_1_36' title="bbox 133 3353 1152 3424; baseline 0.001 -17"><span class='ocrx_word' id='word_1_294' title='bbox 133 3354 141 3424; x_wconf 77' lang='lat' dir='ltr'><strong>ll</strong></span> <span class='ocrx_word' id='word_1_295' title='bbox 162 3359 195 3409; x_wconf 88' lang='grc'><strong>13</strong></span> <span class='ocrx_word' id='word_1_296' title='bbox 214 3353 475 3423; x_wconf 69' lang='grc'><strong>111111110119</strong></span> <span class='ocrx_word' id='word_1_297' title='bbox 494 3370 530 3407; x_wconf 84' lang='lat' dir='ltr'><strong>va</strong></span> <span class='ocrx_word' id='word_1_298' title='bbox 554 3359 657 3423; x_wconf 64' lang='grc'><strong>(11110</strong></span> <span class='ocrx_word' id='word_1_299' title='bbox 676 3355 728 3409; x_wconf 83' lang='lat' dir='ltr'><strong>litt.</strong></span> <span class='ocrx_word' id='word_1_300' title='bbox 747 3357 817 3413; x_wconf 84' lang='lat' dir='ltr'><strong>occ.)</strong></span> <span class='ocrx_word' id='word_1_301' title='bbox 838 3369 938 3421; x_wconf 89' lang='lat' dir='ltr'><strong>corpus</strong></span> <span class='ocrx_word' id='word_1_302' title='bbox 957 3357 1009 3421; x_wconf 80' lang='lat' dir='ltr'><strong>(sp.</strong></span> <span class='ocrx_word' id='word_1_303' title='bbox 1024 3357 1060 3407; x_wconf 74' lang='lat'><strong>14</strong></span> <span class='ocrx_word' id='word_1_304' title='bbox 1080 3354 1097 3407; x_wconf 90' lang='lat' dir='ltr'><strong>l.</strong></span> <span class='ocrx_word' id='word_1_305' title='bbox 1112 3357 1152 3421; x_wconf 88' lang='lat' dir='ltr'><strong>o.)</strong></span> 
     </span>
     <span class='ocr_line' id='line_1_37' title="bbox 133 3423 1151 3496; baseline 0 -19"><span class='ocrx_word' id='word_1_306' title='bbox 133 3427 212 3479; x_wconf 84' lang='lat' dir='ltr'><strong>terea</strong></span> <span class='ocrx_word' id='word_1_307' title='bbox 230 3426 258 3480; x_wconf 89' lang='lat' dir='ltr'><strong><em>L</em></strong></span> <span class='ocrx_word' id='word_1_308' title='bbox 271 3428 280 3493; x_wconf 76' lang='lat' dir='ltr'><strong>{l</strong></span> <span class='ocrx_word' id='word_1_309' title='bbox 294 3430 329 3478; x_wconf 80' lang='lat'><strong>24</strong></span> <span class='ocrx_word' id='word_1_310' title='bbox 347 3423 442 3478; x_wconf 88' lang='lat' dir='ltr'><strong>Velini</strong></span> <span class='ocrx_word' id='word_1_311' title='bbox 461 3425 612 3480; x_wconf 77' lang='lat' dir='ltr'><strong>Mommsen</strong></span> <span class='ocrx_word' id='word_1_312' title='bbox 630 3427 678 3492; x_wconf 81' lang='lat' dir='ltr'><strong>(cf.</strong></span> <span class='ocrx_word' id='word_1_313' title='bbox 698 3426 775 3496; x_wconf 78' lang='lat' dir='ltr'><strong>Verq.</strong></span> <span class='ocrx_word' id='word_1_314' title='bbox 789 3424 858 3479; x_wconf 78' lang='lat' dir='ltr'><strong>Aeo.</strong></span> <span class='ocrx_word' id='word_1_315' title='bbox 879 3424 945 3491; x_wconf 86' lang='lat' dir='ltr'><strong>VII,</strong></span> <span class='ocrx_word' id='word_1_316' title='bbox 960 3426 1042 3492; x_wconf 79' lang='lat'><em>517),·</em></span> <span class='ocrx_word' id='word_1_317' title='bbox 1060 3423 1151 3478; x_wconf 86' lang='lat' dir='ltr'><strong>fucini</strong></span> 
     </span>
     <span class='ocr_line' id='line_1_38' title="bbox 120 3494 1152 3568; baseline 0 -19"><span class='ocrx_word' id='word_1_318' title='bbox 120 3495 230 3564; x_wconf 68' lang='lat' dir='ltr'><strong>Lm,</strong></span> <span class='ocrx_word' id='word_1_319' title='bbox 250 3494 344 3551; x_wconf 81' lang='lat' dir='ltr'><strong>sucini</strong></span> <span class='ocrx_word' id='word_1_320' title='bbox 361 3495 385 3552; x_wconf 83' lang='lat'><strong><em>0</em></strong></span> <span class='ocrx_word' id='word_1_321' title='bbox 393 3499 404 3566; x_wconf 77' lang='lat' dir='ltr'><strong>l)</strong></span> <span class='ocrx_word' id='word_1_322' title='bbox 418 3502 452 3550; x_wconf 74' lang='lat'><strong>27</strong></span> <span class='ocrx_word' id='word_1_323' title='bbox 472 3496 575 3550; x_wconf 88' lang='lat' dir='ltr'><strong>formas</strong></span> <span class='ocrx_word' id='word_1_324' title='bbox 594 3513 663 3552; x_wconf 77' lang='lat' dir='ltr'><strong>corr.</strong></span> <span class='ocrx_word' id='word_1_325' title='bbox 677 3499 709 3551; x_wconf 80' lang='lat' dir='ltr'><strong>iu</strong></span> <span class='ocrx_word' id='word_1_326' title='bbox 721 3496 847 3550; x_wconf 84' lang='lat' dir='ltr'><strong>thermas</strong></span> <span class='ocrx_word' id='word_1_327' title='bbox 863 3495 918 3563; x_wconf 81' lang='lat' dir='ltr'><strong>M²,</strong></span> <span class='ocrx_word' id='word_1_328' title='bbox 936 3496 968 3549; x_wconf 80' lang='lat' dir='ltr'><strong>lu</strong></span> <span class='ocrx_word' id='word_1_329' title='bbox 982 3497 1088 3549; x_wconf 84' lang='lat' dir='ltr'><strong>termas</strong></span> <span class='ocrx_word' id='word_1_330' title='bbox 1097 3495 1135 3550; x_wconf 77' lang='lat' dir='ltr'><strong>Y’</strong></span> <span class='ocrx_word' id='word_1_331' title='bbox 1142 3495 1152 3568; x_wconf 76' lang='lat' dir='ltr'><strong>ll</strong></span> 
     </span>
    </p>
   </div>
   <div class='ocr_carea' id='block_1_5' title="bbox 0 0 1202 3854">
    <p class='ocr_par' dir='ltr' id='par_1_6' title="bbox 0 0 1202 3854">
     <span class='ocr_line' id='line_1_39' title="bbox 0 0 1202 3854; baseline 0 0"><span class='ocrx_word' id='word_1_332' title='bbox 0 0 1202 3854; x_wconf 95' lang='lat' dir='ltr'><strong> </strong></span> 
     </span>
    </p>
   </div>
  </div>
 </body>
</html>
