2414 3864
438 145 592 201 CARMEN
609 146 643 201 ll.
982 147 1048 212 243

123 294 243 356 Paeonii
265 296 378 355 iactans
395 293 557 374 Epidauria
581 297 665 374 signa
688 296 834 357 draconis.

123 383 231 444 multos
255 384 414 445 cinxerunt
436 384 550 463 aquilae
575 385 765 464 subitumque
789 403 843 464 per
867 382 970 447 orbem

122 471 193 534 lusit
214 479 354 534 venturas
377 472 546 534 famulatrix
569 492 667 552 penna
690 491 823 534 coronas.

121 569 166 622 ast
188 562 281 642 bunc,
304 564 417 641 egregii
440 580 596 644 proceres,
619 562 656 622 ad
680 570 796 642 sceptra
819 566 919 624 vocari
970 574 973 581 '

68 657 105 708 0
122 653 180 711 iam
202 659 267 711 tum
285 669 374 711 nosse
398 651 498 711 datum
517 658 576 733 est,
599 650 711 712 laribus
730 670 798 712 cum
816 653 893 713 forte
911 656 1045 732 paternis

120 739 244 819 protulit
267 741 384 800 excisus
408 741 468 800 iam
490 758 551 800 non
575 759 628 801 sua
651 742 785 818 germina
807 740 929 820 palmes

121 830 240 908 imperii
261 846 314 888 ver
336 828 409 888 illud
434 836 510 910 erat3
534 827 588 890 sub
612 831 740 907 imagine
764 829 878 890 frondis

121 917 223 978 dextra
246 935 301 996 per
323 924 458 978 arentem
480 917 627 979 florebant
650 920 749 979 omina
772 921 891 998 virgam.

120 1013 149 1066 at
171 1011 327 1085 postquam
349 1007 464 1085 primos
487 1007 585 1067 infans
609 1014 746 1085 exegerat
769 1025 875 1089 annos,

66 1103 102 1153 Ὶὅ
120 1093 254 1174 reptabat
277 1112 368 1174 super
391 1113 474 1156 arma
497 1097 604 1176 patrie,
628 1113 775 1174 quamque
798 1103 862 1156 arta
884 1097 1000 1160 terebat

118 1183 258 1244 lammina
281 1186 427 1244 cervicem
450 1187 567 1263 gemina
591 1184 761 1262 complexus
784 1184 821 1245 ab
845 1185 914 1246 ulna

121 1272 208 1333 livida
231 1271 336 1333 laxatis
360 1272 489 1334 intrabat
512 1274 548 1333 ad
574 1273 675 1333 oscula
699 1275 806 1333 cristis.

120 1361 206 1424 ludus
230 1369 295 1423 erat
316 1356 410 1441 pu'ero
433 1369 533 1441 raptas
557 1380 593 1422 ex
616 1361 702 1422 hoste
726 1363 848 1440 sagittas

119 1453 225 1512 festina
248 1458 376 1512 tractare
399 1469 489 1511 manu
513 1457 673 1530 captosque
696 1469 751 1530 per
774 1469 860 1511 arcus

66 1552 101 1599 ιο
118 1540 193 1600 flexa
216 1540 396 1601 reluctantes
419 1542 451 1600 in
475 1557 586 1601 cornua
609 1540 731 1601 trudere
753 1558 874 1620 nervoS,

118 1647 197 1690 nune
220 1629 381 1690 tremulum
403 1636 507 1689 tenero
531 1628 660 1690 iaculum
683 1636 822 1707 torquere
846 1627 956 1690 lacerto

118 1721 207 1797 inque
231 1718 386 1778 frementis
409 1720 479 1797 equi
502 1718 624 1778 dorsum
647 1736 714 1778 cum
737 1717 869 1797 pondere
893 1720 973 1779 conti

116 1807 235 1868 indutas
259 1805 420 1887 Chalybum
444 1806 520 1867 saltu
544 1806 706 1867 transferre
730 1813 861 1888 catenas,

117 1898 252 1957 inventas
275 1898 386 1974 agitare
410 1896 488 1955 feras
512 1902 542 1955 et
564 1895 669 1956 fronde
693 1895 819 1956 latentes

66 1995 100 2044 ιδ
118 2002 275 2066 quaerere,
298 1984 460 2064 deprensas
483 1983 571 2044 modo
595 1983 733 2045 claudere
757 1984 891 2046 cassibus
915 1987 1001 2068 artis,

119 2092 197 2135 nunc
220 2081 298 2134 torto
322 2081 479 2152 penetrare
502 2091 588 2134 veru:
612 2081 675 2134 turn
699 2091 787 2152 saepe
810 2074 926 2152 fragore

117 2162 230 2224 laudari
254 2165 411 2244 comitum,
434 2162 575 2223 frendens
599 2181 667 2223 cum
689 2161 777 2223 belua
799 2162 912 2223 ferrum

116 2253 208 2312 ferret
230 2258 261 2312 et
283 2253 409 2312 intratos
432 2254 549 2312 exirent
571 2269 652 2311 arma
675 2269 730 2331 per
754 2268 860 2312 armon.

116 2341 208 2402 conde
231 2339 451 2421 Pelethronios,
475 2339 572 2401 alacer
594 2359 670 2419 puer
693 2347 723 2401 et
744 2347 882 2421 venator,

66 2439 99 2487 »o
115 2428 254 2510 Aeacida,
277 2428 392 2510 titulos,
418 2447 595 2508 quamquam
619 2430 753 2490 subiecta
775 2430 910 2508 magistri

114 2525 196 2598 terga
218 2537 359 2598 premens
383 2526 413 2579 et
437 2516 474 2577 ob
497 2518 554 2579 boc
578 2536 703 2579 securus
722 2517 816 2579 lustra
837 2535 997 2597 pererrans

114 2614 146 2669 tu
169 2609 270 2687 potius
292 2609 441 2686 regereris
465 2625 550 2686 equo.
596 2625 656 2668 non
679 2609 814 2686 principe
838 2614 941 2668 nostro

115 2696 227 2776 spicula
251 2695 359 2757 direxit
381 2695 488 2758 melius
511 2695 643 2776 Pythona
667 2703 839 2774 superstans

113 2784 223 2866 Paean,
247 2803 316 2845 cum
339 2803 429 2846 vacua
452 2785 590 2847 turbatus
612 2802 707 2865 paene
729 2785 867 2864 pharetra

66 2877 98 2932 35
115 2875 220 2953 figeret
242 2876 409 2935 innumeris
432 2892 592 2935 numerosa
615 2873 765 2934 volumina
788 2874 864 2934 telis.

157 2962 220 3023 Nec
243 2964 342 3023 minus
365 2963 439 3024 baec
462 2964 541 3024 inter
564 2971 680 3024 veteres
703 2963 806 3023 audire
831 2962 994 3042 sophistas:

113 3049 213 3114 llileto
238 3051 317 3131 quod
341 3060 422 3113 crete
446 3051 553 3112 Thales
576 3052 745 3112 vadimonia
768 3051 882 3133 culpas;

112 3139 219 3202 Lindie
243 3140 322 3220 quod
346 3139 487 3201 Cleobule
511 3143 592 3201 canis
618 3137 735 3202 ‘modus
759 3143 888 3220 optimus
911 3136 1002 3224 esto'3

114 3247 149 3290 ex
172 3228 263 3310 Elyra
285 3237 380 3291 totum
403 3229 558 3290 meditaris
582 3230 660 3309 quod
682 3229 858 3311 Periander3

94 3441 144 3492 tao
163 3452 333 3505 quemquem
357 3435 388 3490 F
413 3439 422 3506 ΙΙ
450 3442 501 3491 140
519 3436 619 3491 rudere
642 3437 688 3506 M,
713 3436 829 3493 tendere
852 3437 999 3492 Buecheler
1025 3438 1038 3507 ll

66 3506 205 3580 lfronde]
224 3506 296 3562 forte
315 3507 353 3561 Μ
360 3511 372 3579 l
386 3513 437 3565 156
456 3506 548 3563 minor
568 3508 676 3566 TPeF
687 3513 702 3582 h

784 3600 844 3656 ib*
