2414 3864
117 173 183 237 282
508 173 660 230 elenau
677 175 737 230 VlL

207 323 332 384 rictibus
356 330 443 401 atque
467 342 550 384 escas
575 326 674 384 ieiuna
697 326 780 385 fauce
805 331 957 403 parantem

136 425 186 473 180
205 411 272 491 plus
296 411 401 473 catulis
425 415 528 472 stravit
552 407 683 496 (lucrant
706 431 774 473 narn
797 413 943 492 fragmina
963 402 1069 492 propter)

205 508 322 580 arrepta
345 501 381 560 de
405 508 489 561 caute
513 501 627 581 lupam,
651 503 821 581 fractusque
845 502 950 563 molari

204 589 334 650 dissiluit
352 599 453 650 vertex
478 596 507 649 et
530 609 634 652 saxum
656 590 778 652 vulnere
802 591 889 652 sedit.

205 681 248 738 sic
271 698 354 739 meus
378 678 509 760 Alcides,
534 679 661 740 Nemeae
684 680 755 740 dum
779 679 904 741 saltibus
928 688 1013 761 errat,

204 770 334 828 occurrit
356 775 489 827 monstro
513 787 623 829 vacuus
629 816 638 850 ,
662 787 721 828 non
744 768 852 829 robora
876 776 1007 850 portam,

135 869 184 918 185
204 875 263 916 non
277 856 443 938 pharetras3
458 859 541 918 stetit
555 859 599 918 ira
613 858 743 918 fremens
758 865 846 936 atque
857 857 944 919 hoste
958 855 1102 938 propinqui

204 944 354 1005 consuluit
377 945 455 1006 solos
478 948 573 1007 virtus
596 946 720 1025 decepta
741 946 877 1007 lacertos.

202 1052 292 1112 parva
315 1034 449 1116 quidem,
473 1034 597 1095 dicenda
620 1042 732 1096 tamen:
757 1037 824 1115 quis
848 1038 1012 1115 promptior
1029 1036 1096 1094 istc)

202 1131 287 1182 tensa
310 1126 437 1183 catenati
461 1126 644 1184 summittere
668 1124 742 1185 colla
765 1124 888 1185 Molossi

203 1219 233 1272 et
255 1211 358 1272 lustris
382 1212 524 1273 recubare
548 1214 626 1273 leras
649 1215 812 1292 interprete
836 1231 909 1274 nare

134 1313 184 1361 100
204 1301 319 1361 discere
343 1319 403 1361 non
426 1304 504 1361 visas
527 1309 557 1362 et
579 1304 610 1361 in
633 1320 700 1362 aere
725 1320 870 1380 quaerere
893 1299 1027 1381 plantas?

203 1392 261 1449 iam
285 1392 311 1450 si
333 1391 409 1450 forte
434 1409 517 1450 suem
540 1389 696 1450 latratibus
720 1390 875 1470 improbus
899 1390 1009 1452 Umber

201 1481 322 1560 terruit,
346 1478 478 1539 albentes
500 1482 586 1558 nigro
610 1479 665 1540 sub
689 1487 808 1558 gutture
831 1479 917 1540 lunas

203 1568 338 1646 frangere
362 1568 449 1628 ludus
473 1575 536 1628 crat
560 1568 788 1647 colluctantique
812 1568 924 1629 lacerto

200 1663 280 1716 vasta
303 1675 357 1735 per
381 1657 517 1717 adversas
540 1656 683 1717 venabula
706 1676 811 1736 cogere
835 1657 970 1736 praedas

131 1757 180 1805 195
201 1764 288 1823 quam
303 1744 473 1827 pulchrum,
483 1764 551 1806 cum
566 1747 640 1806 forte
656 1746 776 1807 domum
785 1754 854 1825 post
863 1745 957 1808 lustra
972 1739 1149 1808 reverter11

200 1834 324 1895 horrore
349 1834 518 1914 splenderet
542 1837 605 1914 apri
628 1837 781 1914 virtusque
804 1853 976 1914 repugnans

199 1922 340 2000 proderet
363 1926 487 1984 invitum
511 1943 564 2002 per
587 1925 675 1984 fortia
697 1925 773 1984 facta
798 1923 959 2003 pudorem!

200 2013 242 2070 sic
265 2011 436 2072 Pandioniis
460 2019 556 2073 castae
579 2013 749 2073 Tritonidos
773 2016 851 2073 arvis

199 2099 373 2178 Hippolytus
396 2120 482 2162 roseo
506 2101 624 2171 sudum,
637 2101 769 2162 radiabat
792 2101 827 2162 ab
852 2120 918 2182 ore,

132 2202 183 2250 200
203 2189 254 2249 sed
279 2189 380 2269 simul,
403 2209 419 2250 a
442 2193 560 2268 gemino
583 2191 710 2269 llagrans
734 2209 803 2251 cum
826 2191 932 2252 Cressa
956 2192 1053 2252 lurore

199 2280 316 2338 transiit
340 2279 446 2340 affectu
470 2286 579 2339 matres
603 2287 633 2340 et
655 2280 758 2340 lraude
781 2298 934 2340 novercas.

198 2366 269 2446 quid
293 2366 447 2428 volucrum
472 2368 615 2448 studium,
639 2367 689 2428 dat
712 2387 784 2447 quas
807 2376 913 2429 natura
936 2387 1055 2448 rapaces

198 2458 229 2516 in
252 2455 357 2534 vulgus
380 2475 473 2535 prope
497 2454 675 2535 cognatum?
717 2460 783 2536 quis
807 2458 924 2518 doctior
947 2460 1004 2518 isto

198 2547 327 2606 instituit
350 2548 445 2605 varias
468 2565 522 2624 per
545 2545 645 2606 nubila
669 2548 793 2624 iungere
816 2543 907 2607 lites?

125 2645 178 2694 205
198 2632 266 2694 alite
289 2636 381 2694 vincit
405 2653 486 2716 aves,
509 2634 658 2713 celerique
682 2654 736 2714 per
759 2635 878 2696 aethera
902 2635 1008 2714 plausu

196 2722 252 2782 hoc
276 2723 349 2782 nulli
372 2723 479 2784 melius
502 2731 648 2802 pugnator
671 2723 778 2784 militat
800 2726 918 2802 unguis.

195 2829 251 2871 nec
274 2814 373 2872 minus
396 2812 468 2872 baec
491 2814 570 2872 inter
593 2812 689 2872 civilia
712 2816 777 2874 iura
801 2821 922 2874 secutus

196 2899 315 2978 eligitur
338 2902 466 2981 primus,
489 2903 617 2982 iuveuiS,
641 2901 734 2982 solus,
758 2901 833 2962 mala
856 2902 967 2963 fractae

196 2987 295 3066 alliget
318 2996 351 3049 ut
374 2992 487 3067 patriae
510 2996 671 3068 poscatque
695 2991 820 3050 informe
844 2991 940 3052 recidi

124 3087 176 3136 210
196 3077 328 3155 vectigal.
373 3096 532 3156 procerum
555 3085 618 3138 tum
641 3079 717 3139 lorte
740 3081 892 3157 potentior
915 3079 989 3161 illic,

178 3250 226 3300 181
247 3251 388 3316 arreptam
398 3249 464 3303 MT
475 3252 485 3316 ll
499 3255 549 3304 182
570 3248 734 3303 dissiliitM
744 3251 753 3320 ll
768 3255 819 3304 185
834 3250 955 3305 fremens
970 3249 1131 3305 Buecheler

105 3317 177 3382 (coll.
192 3318 228 3372 A.
244 3318 278 3373 L.
293 3323 359 3388 881,
373 3321 464 3386 35R.)
485 3327 511 3375 et
533 3321 728 3376 Wilamowitz:
751 3325 876 3375 tremens
890 3319 1043 3388 MWOF,
1063 3331 1149 3389 pop·

105 3393 167 3442 tens
187 3390 241 3442 Ma
257 3393 260 3457 Ι
276 3389 357 3444 hoste
376 3407 425 3446 000.
441 3392 480 3445 M
497 3393 506 3461 ll
530 3397 581 3445 199
599 3409 695 3447 roseus
718 3391 805 3445 udum
824 3394 861 3446 M
880 3397 890 3462 ll
913 3399 966 3446 200
985 3390 1149 3457 simula)

102 3458 206 3516 simulo
227 3461 258 3533 O,
284 3459 371 3516 simili
389 3462 489 3517 MTF
506 3466 512 3533 l
531 3479 680 3532 congressa
698 3464 740 3526 M,
769 3464 819 3518 sed
838 3464 932 3535 simul,
960 3481 985 3536 a,
1004 3460 1149 3534 geminO

92 3533 277 3611 conflagrans
298 3533 342 3594 Cr.
362 3535 382 3594 f.
404 3536 461 3594 Leo
474 3539 554 3610 ll‘iitt
572 3550 712 3590 nouercae
732 3534 796 3600 Mb
