2414 3864
98 145 165 210 264
504 145 656 200 CARMEN
674 145 708 204 V.

191 303 221 356 et
243 294 389 356 Venerem
412 294 595 374 Martemque
618 296 698 355 cient
721 314 755 356 ac
777 297 875 374 prima
899 299 1101 356 cruentos

191 391 370 446 consumunt
393 384 429 444 ad
452 383 529 444 bella
552 383 635 445 cibos
657 382 832 464 Bacchoque
855 391 952 445 rotato

119 486 170 534 235
189 473 295 553 pocula
317 472 376 533 tela
398 479 512 554 putant,
535 491 604 534 cum
627 472 822 534 crudescente
845 473 976 534 tumultu

188 562 294 642 polluit
316 562 486 622 Emathium
509 564 629 640 sanguis
653 561 848 623 Centauricus
872 561 995 642 Othryn.

189 670 244 712 neo
267 651 334 730 plus
358 650 539 729 nubigenum
562 649 752 711 celebrentur
773 653 869 730 iurgia
893 651 1098 712 frausne-‚2

189 740 238 801 hio
263 758 379 819 quoque
399 747 531 800 monstra
550 739 657 820 domat,
680 739 764 800 rutili
783 739 893 818 quibus
913 758 1014 801 arceo
1089 725 1131 788 llll

190 828 226 889 ad
249 828 376 888 frontem
401 846 484 889 coma
506 835 600 889 tracta
623 831 699 888 iacet
722 829 890 908 nudataque
915 832 1013 890 cervix

119 929 171 978 240
191 925 339 977 saetarum
361 935 415 996 per
438 917 544 977 damna
566 919 649 998 nitet,
672 924 736 978 tum
759 917 871 978 lumine
895 917 999 997 glauco

190 1005 268 1066 albet
292 1024 402 1084 aquosa
425 1008 503 1066 acies
527 1024 561 1066 ac
584 1005 714 1066 vultibus
736 1006 869 1085 undique
894 1009 971 1067 rasis

190 1113 243 1173 pro
267 1093 359 1155 barba
381 1102 486 1155 tenues
509 1103 685 1173 perarantur
707 1098 825 1174 pectine
848 1097 969 1157 cristae.

191 1186 323 1244 strictius
347 1191 463 1244 assutae
487 1191 585 1243 vestes
608 1202 733 1263 procera
756 1184 917 1245 cohercent

188 1272 322 1332 membra
344 1274 450 1353 virum,
473 1279 554 1351 patet
577 1273 624 1332 his
647 1273 735 1333 altato
760 1275 890 1352 tegmine
914 1273 1018 1354 poples
1018 1308 1090 1355 ἰ

119 1372 170 1422 245
189 1361 266 1422 latus
290 1367 320 1421 et
343 1368 497 1439 angustam
520 1361 676 1439 suspendit
698 1361 813 1423 balteus
838 1361 945 1424 alvum.

189 1452 357 1510 excussisse
381 1452 453 1510 citas
476 1456 592 1511 vastum
615 1469 669 1529 per
693 1453 779 1511 inane
803 1450 952 1530 bipennes

190 1546 219 1598 et
241 1538 343 1618 plagae
367 1540 533 1617 praescisse
558 1538 655 1600 locum
678 1539 850 1619 clipeosque
874 1549 976 1602 rotare

189 1627 276 1688 ludus
300 1634 330 1688 et
352 1629 478 1687 intortas
501 1628 679 1706 praecedere
704 1628 828 1689 saltibus
850 1629 954 1690 hastas

188 1719 278 1795 inque
302 1716 418 1776 hostem
441 1719 559 1776 venisse
581 1719 679 1798 prius3
701 1717 868 1796 puerilibus
893 1722 980 1779 aunis

118 1816 170 1866 250
190 1812 235 1865 est
257 1804 328 1864 belli
351 1811 484 1865 maturus
509 1823 599 1866 amor.
645 1808 672 1866 si
694 1807 771 1866 lortc
793 1815 971 1886 premantur

189 1912 243 1953 seu
266 1911 389 1954 numero
414 1912 468 1954 seu
492 1901 571 1954 sorte
595 1893 661 1976 loci,
684 1913 765 1955 mors
790 1895 891 1956 obruit
913 1896 991 1979 illos,

188 2000 248 2042 non
272 1984 375 2063 timor,
399 1985 502 2043 invicti
525 1991 659 2061 perstant
682 1987 840 2063 animoque
864 1991 1035 2064 supersunt

189 2073 247 2130 iam
271 2089 363 2149 prope
386 2080 454 2150 post
477 2074 613 2132 animam.
659 2072 733 2133 tales
756 2080 785 2133 te
809 2080 886 2134 teste
912 2075 1025 2154 fugavit

190 2167 219 2220 et
241 2159 377 2220 laudante
401 2163 489 2220 viros
536 2163 673 2239 quisnam
696 2159 794 2222 serat?
826 2166 926 2223 omnia
949 2171 1056 2237 tecum,

118 2262 168 2311 255
188 2256 217 2309 te
242 2251 306 2309 sine
330 2249 421 2309 multa
445 2249 522 2310 facit.
568 2257 700 2328 puguant
722 2268 777 2330 pro
800 2254 938 2332 principe
962 2248 1064 2313 cuncti:

189 2355 277 2417 quam
300 2340 400 2419 timeo,
423 2357 461 2398 ne
484 2340 543 2397 iam
566 2341 622 2399 iste
647 2337 718 2400 sibil
742 2343 768 2400 si
792 2358 883 2417 regua
907 2341 1025 2419 tenebit,

188 2427 258 2487 huic
281 2428 385 2507 vincis,
410 2427 616 2506 quodcumque
640 2428 750 2488 domas
797 2428 839 2488 nil
858 2430 918 2491 lata
942 2430 1085 2506 relinquunt
1129 2484 1131 2497 ,

187 2516 236 2576 hic
259 2515 402 2575 medium:
425 2534 586 2594 percussor
610 2519 689 2576 enim
712 2519 739 2577 si
761 2520 880 2596 respuis
905 2537 980 2600 esse,
1129 2526 1131 2543 ²

189 2623 292 2664 servus
317 2607 384 2664 eris.
432 2611 511 2664 certe
535 2613 616 2664 recto
642 2608 668 2666 si
690 2609 808 2666 tramite
833 2616 933 2668 servat

117 2693 285 2754 reccidere
309 2692 481 2774 Chaldaeus,
505 2696 586 2753 novit
610 2696 637 2754 si
660 2697 793 2772 gramina
816 2694 954 2778 Colchus,

188 2781 303 2860 lulgura
328 2784 353 2841 si
376 2782 501 2862 Tuscus,
525 2785 551 2842 si
574 2783 735 2844 Thessalus
759 2783 840 2845 elicit
865 2784 992 2864 umbraS,

188 2872 214 2929 si
236 2870 341 2950 Lyciae
366 2879 461 2931 sortes
485 2874 612 2952 sapiunt,
636 2874 662 2932 si
684 2881 787 2933 nostra
809 2873 909 2934 volatu

187 2959 245 3019 lala
268 2959 430 3038 loquuntur
454 2979 531 3040 aveS,
555 2960 649 3021 doctis
672 2960 818 3022 balatibus
842 2961 987 3023 Hammon

188 3049 214 3106 si
237 3056 370 3109 sanctum
395 3048 449 3109 sub
474 3048 559 3128 Syrte
584 3052 684 3131 gemit,
707 3052 733 3110 si
756 3050 885 3130 denique
909 3069 1016 3130 verum,
1129 3126 1131 3137 Ι

118 3148 168 3196 265
187 3135 314 3217 Phoebe,
337 3137 466 3219 Themis,
492 3137 625 3219 Dodona,
649 3141 740 3220 caniS,
763 3148 831 3219 post
853 3147 987 3220 tempora
1009 3141 1085 3199 nostra

171 3365 222 3414 255
242 3359 337 3414 cuncti
356 3361 404 3432 M]
428 3361 512 3416 multi
536 3347 666 3428 OPTF;
691 3365 726 3431 cf.
745 3365 848 3419 Paccii
867 3382 967 3437 panop.
982 3369 1015 3419 10
1035 3356 1089 3414 ulios

97 3430 262 3501 imperatori
279 3448 414 3500 pugnare,
433 3436 462 3487 te
481 3433 535 3487 tibi
554 3438 633 3504 11257
653 3433 749 3488 vincas
769 3435 826 3490 ΡΤ
842 3439 852 3507 l
875 3442 927 3491 263
947 3428 1089 3502 curth-

93 3506 197 3560 euntur
213 3504 291 3563 codd.
306 3505 317 3578 ll
