2414 3864
403 176 556 233 CARMEN
573 176 634 232 VII.

101 327 184 389 arida
206 327 381 407 Mygdoniae
405 327 582 387 damnarunt
605 325 735 405 Gargara
759 326 862 408 lalces3

99 416 212 496 Apulus
236 424 266 478 et
289 415 411 477 Calaber
434 418 533 476 cessit,
580 433 648 494 spes
671 418 758 476 unica
780 434 895 496 rerum,

99 507 191 587 hanc,
218 504 367 585 Arverno,
395 504 496 565 colens
519 503 594 565 nulli
616 504 691 584 pede
716 504 797 565 cedis
821 507 853 564 in
876 508 981 588 armiS,

56 601 84 653 50
101 596 222 675 quosvis
245 596 340 655 vincis
364 612 451 672 equo.
496 596 582 654 testis
605 594 679 653 mihi
703 593 838 654 Caesaris
862 601 925 654 esto

100 684 150 744 hic
173 685 299 744 nimium
322 683 440 743 fortuna
462 701 590 762 pavens,
614 701 681 743 cum
705 681 779 743 colle
803 682 941 762 repulsus

101 772 263 851 Gergoviae
287 774 394 833 castris
416 770 502 832 miles
525 773 573 831 vix
597 773 707 832 restitit
730 773 813 851 ipsis.

100 862 156 922 hos
180 869 318 940 egotam
341 861 433 921 sortes
456 859 548 941 volui,
572 861 624 921 sed
648 860 754 921 cedere
777 860 895 920 Avitum

101 950 173 1012 dum
192 949 256 1030 tibi,
274 950 377 1029 Roma,
395 968 476 1031 paro,
495 949 598 1011 rutilat
616 951 665 1010 cui
683 951 811 1009 maxima
830 948 943 1010 dudum

58 1046 77 1094 5
102 1046 256 1100 stemmata
281 1039 468 1119 complexum
491 1057 628 1119 germen,
651 1038 778 1118 palmata
802 1041 934 1099 cucurrit

102 1147 157 1208 per
179 1145 318 1210 proavos,
341 1130 497 1207 gentisque
521 1146 592 1188 suae
616 1134 645 1188 te
669 1134 758 1208 teste,
781 1126 925 1208 Philagri,

102 1219 247 1296 patricius
270 1217 442 1296 resplendet
465 1235 547 1296 apex.
594 1216 646 1276 sed
668 1218 766 1295 portio
791 1224 900 1294 quanta
923 1223 969 1277 est

102 1305 177 1366 haec
200 1305 333 1387 laudum,
356 1305 476 1367 laudare
499 1313 613 1386 patres,
636 1324 711 1384 quos
735 1307 843 1384 quippe
868 1304 987 1366 curules

105 1401 134 1454 et
156 1396 358 1474 praefecturas
382 1401 497 1456 constat
519 1394 629 1454 debere
652 1391 774 1473 nepoti?

56 1489 76 1536 l)
104 1485 164 1543 sint
187 1483 250 1564 alii,
273 1503 327 1563 per
351 1502 426 1563 quos
450 1502 481 1544 se
504 1491 641 1562 postuma
665 1486 754 1544 iactet
777 1485 873 1562 origo,

103 1580 133 1633 et
154 1574 287 1651 priscum
309 1573 405 1634 titulis
428 1580 566 1634 numeret
588 1591 681 1651 genus
705 1572 794 1633 alter:
817 1572 914 1654 Avito,

103 1660 242 1722 nobilitas
264 1669 297 1723 tu
321 1662 402 1723 solus
426 1679 503 1723 avos,
549 1660 623 1721 libet
645 1662 733 1722 edere
756 1663 832 1721 tanti
992 1736 996 1741 Ι

104 1757 185 1828 gesta
208 1753 266 1811 viri
288 1758 318 1811 et
340 1753 467 1831 primam
490 1752 593 1830 paucis
615 1768 792 1829 percurrere
815 1753 915 1812 vitam.

147 1839 281 1900 Solverat
304 1842 335 1900 in
358 1847 475 1919 partum
498 1856 642 1918 generosa
665 1857 812 1918 puerpera
836 1842 911 1900 casti

56 1931 75 1978 ἰ
105 1931 217 1988 ventris
241 1947 329 2010 onus3
352 1930 508 1989 manifesta
532 1927 600 1988 dedi
622 1946 691 1988 mox
716 1930 798 2007 signa
822 1930 916 1989 futuri

103 2018 249 2097 principis
272 2037 307 2079 ac
328 2025 420 2078 totam
444 2019 541 2078 lausto
564 2018 674 2096 trepidi
696 2019 791 2096 patris
815 2017 912 2079 aulam

105 2105 224 2185 immori
247 2109 385 2188 augurio,
408 2107 478 2167 licet
500 2105 579 2187 idem
603 2107 726 2185 grandia
748 2108 811 2167 nati

106 2194 238 2274 culparet
261 2196 319 2256 lata
343 2203 373 2256 et
395 2197 482 2274 pueri
505 2197 564 2255 iam
587 2213 678 2274 regna
701 2195 823 2257 videret.

105 2283 156 2344 sed
180 2284 238 2344 sibi
261 2287 454 2346 commissum
475 2291 557 2344 tanto
581 2283 636 2343 sub
659 2287 783 2364 pignore
807 2303 932 2345 cernens

56 2374 84 2424 )
107 2372 210 2434 mundi
233 2373 415 2456 depositum,
437 2392 475 2434 ne
500 2372 571 2452 quid
593 2373 661 2454 tihi,
684 2372 790 2454 Roma,
813 2375 939 2455 periret,

107 2463 181 2533 iuvit
203 2462 352 2523 fortunam
376 2462 483 2524 studio.
524 2461 663 2522 lactantia
686 2463 816 2541 primum

106 2549 239 2611 membra
262 2551 344 2612 dedit
366 2552 498 2631 nivihuS‚
522 2550 703 2629 glaciemque
727 2552 894 2629 irrumpere
918 2549 1028 2630 plantis

107 2640 195 2700 iussit
218 2648 247 2701 et
271 2643 386 2701 attritas
409 2658 532 2719 parvum
556 2638 656 2699 ridere
679 2641 811 2718 pruinas

108 2736 264 2807 surgentes
287 2731 379 2790 animi
404 2729 497 2790 Musis
520 2729 685 2788 formantur
708 2735 738 2788 et
760 2727 811 2787 illo

56 2818 89 2869 5
106 2835 163 2896 quo
188 2817 331 2879 Cicerone
355 2826 453 2899 tonas3
477 2818 581 2878 didicit
604 2835 721 2896 quoque
745 2817 821 2878 lacta
844 2824 966 2879 tuorum

105 2914 172 2966 ante
195 2906 318 2988 ducum3
341 2906 446 2967 didicit
468 2924 583 2986 pugnas
605 2905 740 2985 libroque
764 2904 883 2988 relegit,

106 3013 180 3073 quae
204 3003 322 3074 gereret
344 3014 455 3075 campo.
501 2997 615 3074 primus
639 2997 687 3054 vix
711 3002 849 3074 coeperat
872 3015 938 3058 esse

107 3102 142 3144 ex
166 3085 278 3145 infante
300 3103 389 3166 puer,
413 3084 547 3145 rabidam
570 3102 637 3144 cum
662 3084 737 3144 lorte
761 3087 893 3145 cruentis

91 3259 141 3310 lae
160 3254 255 3325 filagri
276 3255 381 3324 0er
397 3260 446 3310 157
467 3271 538 3325 apex
561 3270 611 3310 om.
627 3255 685 3324 Mn
701 3259 751 3308 160
771 3254 829 3308 sint
847 3255 893 3327 F]
913 3259 979 3310 sunt
996 3257 1035 3311 M

56 3314 93 3394 Ι
106 3331 158 3382 loc
168 3329 296 3381 actutum
305 3327 407 3383 MTF
420 3330 424 3396 Ι
441 3274 595 3381 aulamom.
606 3327 644 3407 M
653 3330 662 3393 fl
678 3331 728 3379 167
738 3329 818 3395 gnatr
795 3324 866 3380 tiM
875 3331 884 3397 1
900 3334 948 3382 172
963 3327 1030 3381 irre-

56 3406 85 3448 e
101 3397 265 3467 8111111111]
287 3403 339 3453 174
357 3397 446 3451 animi
463 3396 564 3468 Musis]
584 3395 717 3451 animosis
736 3397 775 3450 M
792 3400 801 3467 ΙΙ
824 3404 873 3452 175
892 3399 926 3466 ef.
948 3399 1031 3455 Olau-

56 3479 95 3525 m
112 3487 134 3525 c
150 3469 234 3539 XLI,
247 3473 265 3524 4
289 3485 338 3524 seu
357 3469 525 3524 Ciceronat
527 3485 594 3523 onas
617 3472 629 3540 [i
652 3474 700 3523 177
721 3485 822 3538 campo
838 3468 962 3537 primus
986 3469 1045 3521 *aix

56 3542 164 3597 caueto
172 3544 186 3610 i
