2414 3864
76 148 254 206 SIDONIUS
272 146 416 204 DOMINO
434 147 552 204 PAPAE
570 146 784 204 PRAGMATIO
804 147 982 205 SALUTEM.
1022 147 1086 212 129

556 363 598 436 II.

130 485 302 543 SIDONIUS
319 485 464 543 DOMINO
482 486 601 542 PAPAE
619 485 833 541 PRAGMATIO
854 485 1029 543 SALUTEM.

141 597 172 662 1.
194 598 379 662 Venerabilis
400 599 543 680 Eutropia
565 608 709 682 matrona,
732 600 811 679 quod
835 600 871 661 ad
889 619 945 661 nos
964 607 1088 681 spectat,

76 689 235 768 singularis
259 687 394 769 exempli,
417 708 492 768 quae
515 691 696 769 parsimonia
714 697 744 750 et
766 689 948 752 humanitate
972 696 1088 750 certan-

76 779 154 840 tibus
183 796 243 839 non
270 780 369 838 minus
396 796 429 839 se
456 780 577 840 ieiuniis
605 796 693 856 quam
721 777 796 838 cibis
823 796 970 858 pauperes
992 781 1089 858 pascit

76 875 105 928 et
131 870 164 928 in
188 867 301 928 Christi
327 865 409 928 cultu
434 866 560 946 pervigil
588 866 649 928 sola
677 869 709 927 in
736 884 768 927 se
796 867 946 946 compellit
967 874 1088 947 peccata
1115 887 1131 929 s

76 957 221 1037 dormire,
247 954 432 1016 maeroribus
460 955 595 1016 orbitatis
622 958 799 1018 necessitate
827 956 888 1016 litis
916 956 1029 1018 adiecta
1056 959 1089 1016 in

76 1045 242 1106 remedium
264 1044 334 1105 mali
356 1044 483 1124 duplicis
505 1045 719 1124 perfectionem
742 1053 858 1105 vestrae
878 1045 1089 1106 consolationis

76 1142 216 1214 expetere
239 1134 368 1214 festinat,
391 1140 542 1212 gratanter
563 1132 709 1216 habitura,
737 1136 799 1194 sire
822 1133 903 1194 istud
925 1134 981 1194 tihi
1003 1153 1090 1214 pere-

76 1225 203 1302 grinatio
227 1222 326 1283 brevis
349 1241 404 1283 seu
426 1222 547 1302 longum
570 1231 758 1302 computetur
777 1222 916 1283 officium.
950 1221 978 1283 2.
998 1225 1090 1302 igitur

76 1312 207 1392 praefata
224 1310 403 1372 venerabilis
421 1312 522 1373 fratris
541 1314 601 1372 mei
614 1322 698 1373 'nunc
717 1313 776 1372 iam
793 1310 962 1391 presbyteri
983 1311 1129 1391 Agrip-10

77 1403 151 1482 pini,
179 1419 218 1461 ne
247 1401 426 1462 iniuriosum
453 1403 493 1461 sit
520 1400 630 1461 dixisse
658 1402 814 1481 nequitiis,
842 1408 922 1461 certe
950 1401 1090 1479 fatigatur

77 1492 214 1570 argutiis3
247 1491 299 1568 qui
324 1488 449 1550 abutens
476 1488 668 1550 inbecillitate
696 1496 848 1551 matronae
879 1507 940 1550 non
972 1489 1091 1550 desistit

77 1578 219 1658 spiritalis
246 1580 360 1639 animae
383 1581 574 1639 serenitatem
597 1578 794 1639 saecularium
816 1580 1015 1640 versutiarum
1037 1579 1090 1639 ssa-

77 1667 156 1728 tibus
189 1666 355 1748 turbidare,
388 1669 437 1728 cui
465 1666 521 1727 filii
547 1685 603 1728 nec
629 1675 699 1746 post
724 1666 816 1729 multo
844 1670 960 1747 nepotis
988 1670 1092 1729 amissi

77 1755 150 1818 duae
179 1758 292 1836 pariter
319 1755 422 1834 plagae
452 1763 589 1816 recentes
617 1756 653 1816 ad
681 1756 814 1817 diuturni
843 1757 955 1817 viduvii
981 1756 1089 1818 vulnus
1104 1779 1131 1821 15

77 1845 234 1906 adduntur.
275 1841 305 1905 3.
323 1846 531 1924 temptavimus
550 1847 629 1905 inter
647 1852 807 1924 utrumque
826 1863 1014 1927 componere,
1034 1865 1089 1908 nos

77 1952 224 2014 maxume,
252 1932 359 2012 quibus
385 1935 418 1994 in
441 1952 492 1994 eos
511 1952 619 1994 novum
642 1936 689 1994 ius
712 1935 858 2013 professio
881 1942 1089 2015 vetustumque

79 2022 226 2084 faciehant
249 2024 409 2102 amicitiae,
432 2022 530 2101 aliqua
553 2029 723 2103 censentes,
745 2023 903 2084 suadentes
927 2028 1092 2105 quaepiam,

76 2111 204 2191 plurima
227 2110 442 2192 supplicantes,
470 2111 608 2190 quodque
631 2113 797 2193 miremini,
823 2115 855 2172 in
878 2131 996 2174 omnem
1020 2133 1089 2175 con-

76 2201 194 2271 cordiae
218 2206 327 2260 statum
349 2202 516 2279 promptius
540 2219 557 2260 a
579 2201 707 2261 feminea
729 2208 813 2280 parte
837 2202 1015 2263 descensum
1034 2209 1088 2263 est.
1103 2224 1130 2264 no

76 2297 104 2350 et
132 2307 314 2368 quamquam
341 2307 374 2349 se
402 2288 490 2350 altius
508 2289 698 2369 profuturum
722 2289 799 2350 filiae
822 2297 945 2369 paterna
967 2293 1090 2351 iactaret

76 2379 294 2458 praerogativa,
316 2379 407 2438 nurui
428 2385 527 2438 tamen
550 2381 644 2456 magis
666 2378 779 2458 placuit
800 2379 1019 2439 munificentiae
1043 2397 1089 2438 so-

76 2466 186 2528 crualis
217 2465 334 2527 oblatio.
383 2463 413 2527 4.
441 2469 570 2546 iurgium
597 2469 719 2527 interim
751 2469 956 2546 semisopitum
982 2470 1090 2528 vestris

77 2556 164 2616 modo
188 2553 304 2616 sinibus
328 2555 463 2616 infertur.
508 2556 661 2634 pacificate
689 2563 837 2617 certantes
861 2563 891 2615 et
912 2555 1090 2635 pontificalis

77 2646 253 2705 auctoritate
272 2662 414 2706 censurae
430 2647 577 2723 suspectis
591 2645 650 2706 sihi
668 2644 803 2724 partibus
821 2645 943 2705 indicite
957 2647 1090 2727 gratiam,
1104 2669 1131 2708 as

79 2732 168 2794 dicite
191 2735 354 2794 veritatem.
391 2739 492 2794 sancta
515 2736 595 2794 enim
613 2734 765 2815 Eutropia,
788 2736 814 2793 si
833 2733 904 2812 quid
922 2734 1089 2795 vadimonio

79 2839 141 2883 meo
167 2821 304 2904 creditis,
327 2824 480 2883 victoriam
503 2830 666 2905 computat,
695 2825 720 2884 si
742 2822 789 2883 vel
811 2830 878 2900 post
902 2822 1007 2884 damna
1030 2842 1090 2884 non

81 2909 182 2990 litiget.
229 2911 307 2972 unde
331 2918 361 2971 et
388 2913 524 2991 suspicor
546 2912 631 2972 vobis
653 2931 743 2974 unam
765 2912 1015 2990 pronuntiandam
1039 2914 1089 2974 do-

83 3016 159 3060 num
186 3000 414 3082 discordiosam,
447 2999 517 3061 licet
544 3003 701 3062 inveniatis
728 3008 884 3079 utramque
913 3002 1089 3063 discordem.

85 3103 193 3150 memor
216 3091 311 3150 nostri
333 3107 398 3149 esse
423 3089 559 3171 dignare,
582 3089 699 3149 domine
722 3108 805 3168 papa.
1104 3114 1132 3154 so

152 3301 168 3348 3
186 3294 348 3349 humilitate
360 3295 384 3351 0
394 3298 403 3365 ΙΙ
417 3301 433 3350 5
452 3295 532 3350 cultu
550 3295 648 3350 christi
661 3295 703 3365 011
719 3300 752 3349 14
769 3297 835 3364 post
848 3297 937 3351 multo
947 3297 1013 3351 LN
1020 3296 1090 3364 VM,

94 3365 170 3420 multo
187 3369 254 3436 post
272 3366 345 3436 ΟΤΙΙ
360 3372 393 3420 16
411 3367 519 3436 pariter
536 3383 557 3421 o.
577 3368 594 3422 i.
614 3368 678 3422 odd.
699 3366 745 3435 T’,
768 3369 816 3438 lep.
832 3375 896 3437 post
913 3370 1040 3422 recentes
1058 3369 1092 3422 io

98 3433 131 3503 Ol
143 3443 172 3490 17
192 3454 224 3492 eo
246 3437 292 3506 ΟΙΙ
313 3443 347 3491 20
366 3437 530 3492 descensum
548 3437 737 3509 Iacetjolroon,
755 3437 923 3495 discensum
939 3439 981 3508 L,
996 3437 1110 3492 disces-

99 3519 146 3558 sum
161 3509 194 3562 N
199 3509 339 3577 VMOTJJ
348 3515 381 3561 21
400 3527 439 3563 an
455 3508 565 3568 latius?
578 3515 589 3585 u
603 3519 637 3569 27
659 3511 781 3571 creditis
801 3531 856 3573 cro.
878 3513 929 3585 (ll

124 3600 284 3645 Aronnrrunrs
297 3605 330 3644 ed.
345 3607 374 3646 M
376 3607 434 3650 olor.
948 3607 968 3654 N
