2414 3864
149 160 194 225 40
497 157 605 213 LIBER·
624 157 820 215 SECUNDUS.

151 310 203 370 sed
232 328 299 369 cum
326 307 474 369 libitinam
501 311 597 388 ipsam
625 307 731 369 flentcs
755 298 872 390 omues,
900 311 1019 370 externi
1044 329 1173 392 quoque,

149 400 353 477 prensitarent
371 404 593 458 remorarentur
612 397 866 479 exoscularentur,
891 398 1086 460 sacerdotum
1104 419 1170 482 pro·

149 490 388 567 pinquorumque
407 486 545 547 manibus
564 493 687 566 excepta
701 487 855 566 perpetuis
869 485 992 548 sedibus
1007 488 1167 550 dormienti

150 576 277 637 similior
300 575 390 636 inlata
415 583 469 636 est.
504 582 572 654 post
596 594 670 655 quae
693 583 816 654 precatu
838 578 973 655 parentis
997 577 1097 639 orbati
1118 596 1164 639 ue·

122 669 230 726 oniam
260 664 417 726 funebrem
445 682 506 725 non
535 683 589 744 per
617 664 715 744 elegos
744 664 796 725 sed
824 683 878 744 per
906 665 1161 747 hendecasyllabos

149 756 291 815 marmori
319 756 443 814 incisam
466 753 585 833 planctu
613 772 705 833 prope
729 751 843 814 calente
865 753 983 815 dictavi.
1030 756 1158 835 quamsi

149 862 210 904 non
234 845 306 903 satis
329 842 493 924 improbas,
521 845 629 903 ceteris
657 845 903 922 epigrammatum
926 861 1064 906 meorum
1085 843 1154 904 volu·

150 930 281 993 minibus
315 930 518 1010 applicandam
550 933 775 992 mercennarius
806 930 975 1011 bybliopola
1009 935 1152 1013 suscipiet;

151 1024 177 1082 si
210 1020 281 1100 quid
314 1038 414 1101 secus,
451 1020 561 1081 sufficit
593 1039 663 1081 saxo
696 1038 817 1082 carmen
854 1039 977 1082 saxeum
1010 1022 1158 1084 contineri.

111 1108 180 1173 103.
204 1110 261 1170 hoc
284 1110 365 1170 enim
388 1109 559 1189 epitaphion
583 1115 641 1170 est:

343 1250 457 1313 Occasu
481 1251 571 1312 celeri
593 1252 717 1330 feroque
741 1259 856 1332 raptam

342 1342 439 1420 gnatis
464 1343 594 1420 quinque
617 1343 755 1420 patrique
779 1343 961 1422 coniugique

340 1431 397 1490 hoo
420 1430 520 1490 flentis
542 1432 656 1509 patriae
679 1448 784 1490 manus
807 1429 944 1491 locarunt

341 1525 507 1579 matronam
529 1517 707 1579 Filimatiam
731 1519 896 1598 sepulchro.

302 1619 318 1667 o
342 1626 359 1667 o
384 1607 524 1686 splendor
547 1609 682 1689 generis,
705 1607 797 1668 decus
820 1611 930 1689 mariti,

341 1696 473 1776 prudens
497 1703 577 1756 casta
600 1696 709 1757 decens
733 1715 836 1757 severa
859 1696 955 1758 dulcis

342 1792 430 1863 atque
454 1786 528 1864 ipsis
553 1785 722 1846 senioribus
747 1786 906 1867 sequenda,

343 1873 541 1935 discordantia
566 1893 640 1953 quae
664 1874 761 1934 solent
783 1877 891 1955 putari,

342 1981 459 2023 morum
483 1963 690 2024 commoditate
715 1962 874 2043 copulasti:

287 2064 320 2114 10
342 2070 411 2112 nam
434 2054 511 2112 vitae
535 2054 659 2113 comites
682 2051 777 2112 bonae
800 2053 922 2113 fuerunt

343 2140 464 2201 libertas
488 2143 585 2220 gravis
609 2148 640 2202 et
661 2141 758 2220 pudor
781 2141 902 2202 facetus.

342 2230 411 2290 hinc
436 2229 582 2309 estquod
607 2230 752 2290 decimam
775 2237 843 2290 tuae
868 2230 957 2292 saluti

342 2321 390 2379 vix
415 2327 509 2380 actam
532 2318 718 2380 trieteridem
742 2319 876 2380 dolemus

343 2417 432 2488 atque
456 2410 487 2468 in
511 2407 696 2486 temporibus
719 2409 846 2486 vigentis
870 2411 935 2469 aevi

286 2510 318 2557 15
343 2499 453 2557 iniuste
477 2496 532 2557 tibi
555 2499 632 2557 iusta
655 2496 814 2575 persoluta.

217 2638 334 2700 Placeat
352 2657 472 2700 carmen
491 2657 598 2699 necne:
617 2646 650 2700 tu
668 2657 796 2718 propera
811 2641 1021 2719 civitatemque
1040 2642 1151 2702 festinus

150 2730 255 2788 invise.
292 2727 383 2788 debes
412 2730 492 2788 enim
515 2727 728 2788 consolationis
752 2728 882 2789 officium
906 2728 1035 2790 duorum
1059 2733 1153 2792 civim

152 2816 288 2877 domibus
318 2817 444 2877 afflictis.
487 2817 565 2895 quod
594 2819 634 2877 ita
659 2817 754 2877 solvas
778 2816 867 2878 deum
890 2836 1015 2901 quaeso,
1042 2838 1080 2882 ne
1102 2834 1155 2881 uut-

152 2923 240 2984 quam
263 2904 319 2965 tibi
341 2904 540 2967 redhibeatur.
578 2905 648 2966 vale.

224 3133 239 3182 2
259 3129 487 3183 exoscularentur
506 3148 556 3186 om.
572 3130 637 3185 ΒΝ
647 3133 686 3201 {lb
705 3131 753 3185 alt.
772 3147 823 3198 per
840 3146 890 3186 om.
909 3131 932 3186 0
942 3135 951 3202 ΙΙ
967 3136 1000 3185 10
1018 3131 1075 3189 hoc
1093 3133 1164 3190 euim

151 3198 318 3270 epitaphion
337 3203 381 3255 est
398 3202 501 3257 secludi
518 3202 578 3258 cult
597 3201 762 3269 Gustofsson
776 3204 785 3272 ll
799 3220 824 3258 v.
839 3208 854 3257 2
874 3201 950 3257 natis
968 3203 1008 3257 M
1010 3203 1086 3276 UTl
