2414 3864
116 159 169 215 XII
514 156 728 213 PRAEFATIO.

118 327 206 369 carm.
221 308 256 389 ll,
276 304 340 369 164
363 325 423 369 non
438 311 541 384 pudet,
564 315 598 368 ut
615 315 746 369 uestram
765 315 945 384 praesumat
963 310 1052 368 belua
1071 312 1127 369 lin-

117 401 231 473 auam?
255 399 299 457 sie
323 395 454 456 scribere
477 395 596 456 veliem:
620 413 718 457 nonne
738 399 841 472 pudet,
864 403 900 456 ut
917 400 1041 458 concilii
1058 403 1129 458 tem-

114 505 191 563 pore
210 534 216 546 .
238 533 244 547 .
264 492 420 566 premat,
448 488 508 545 iam
535 485 692 545 lectionem
719 486 751 544 in
774 479 916 545 N1M1vo
945 487 1009 544 sine
1038 484 1130 545 dubio

118 593 154 635 ex
182 574 274 636 altero
302 574 459 653 archetypo
487 581 651 634 correctam
680 566 730 656 (ci.
750 571 933 654 ep.1‚4,2
958 573 1059 649 ferias
1083 579 1128 635 in·

118 656 351 745 honoratorum)
384 663 608 742 praeferendam
640 664 753 743 putavi,
786 669 901 722 servato
928 669 1027 722 tamen
1059 681 1129 722 oon-

116 754 247 813 iunctivo
263 759 385 828 premat
403 745 454 834 (of.
470 770 514 830 ep.
529 751 574 832 VI,
589 751 618 833 1,
633 747 667 832 53
690 750 739 831 IX,
755 751 806 831 11,
821 744 870 833 9);
894 754 1030 825 nobilem,
1050 752 1129 830 quod

116 843 147 900 in
170 841 221 901 TC
245 847 313 919 post
335 848 463 901 stantem
487 839 607 921 legitur,
630 846 663 900 ut
686 858 746 900 non
768 842 969 900 necessarium
993 842 1130 919 recipere

116 929 207 990 nolui.
228 964 269 971 —
293 929 315 1010 1,
335 927 364 1009 7,
383 926 403 989 3
426 929 500 988 mihi
522 931 657 1007 persuasi
678 931 910 1004 pubernationis
933 935 1033 989 tamen
1056 928 1130 989 ferri

116 1037 204 1097 posse
229 1025 259 1078 ei
282 1021 493 1092 damnationis,
518 1018 596 1097 quod
620 1020 650 1077 in
675 1016 737 1077 solo
761 1016 785 1076 Τ
808 1023 862 1098 est,
885 1035 939 1095 pro
959 1020 1130 1077 coniectura

115 1114 150 1168 ut
173 1125 227 1186 per
251 1125 282 1167 se
307 1108 460 1185 aptissima
482 1108 524 1166 ita
544 1125 603 1167 nou
622 1109 790 1168 necessaria
808 1104 977 1166 babendum
996 1124 1070 1166 esse.
1086 1141 1129 1148 -

116 1195 158 1256 lb.
183 1198 354 1256 coniectura
376 1199 489 1257 mirari
510 1194 592 1256 loeus
615 1196 746 1256 nondum
770 1202 889 1255 sanatus
913 1213 979 1255 esse
999 1195 1131 1276 videtur3

116 1287 181 1363 ipse
206 1285 364 1366 quondam,
392 1285 444 1345 sed
468 1285 499 1344 id
523 1303 640 1364 quoque
664 1283 846 1364 dubitanter,
875 1288 1039 1345 criminari
1060 1302 1129 1363 pro—

117 1392 283 1454 posueram.
307 1408 349 1416 -
373 1373 414 1434 lb.
434 1371 456 1434 4
482 1373 734 1454 semifumantem,
762 1373 798 1433 de
827 1391 884 1451 quo
908 1371 1131 1452 Luetjohanuus

118 1462 280 1543 addubitat,
304 1463 473 1522 defenditur
490 1461 618 1523 Enuodii
637 1461 701 1522 loeo
721 1481 748 1540 p.
764 1459 838 1542 332,
855 1459 896 1523 12
911 1455 976 1545 (H.)
1001 1470 1130 1538 tropaea

118 1555 199 1612 iliius
229 1555 333 1612 adbuc
359 1552 530 1628 fumantia;
563 1552 598 1613 cf.
627 1553 716 1611 etiam
743 1549 844 1610 Alcim.
867 1550 942 1610 Avit.
966 1570 994 1629 p.
1014 1548 1066 1631 57,
1088 1548 1127 1611 17

114 1639 220 1716 samoe
248 1638 352 1715 sumus
385 1647 414 1700 et
444 1640 520 1700 infra
549 1636 749 1721 ep.1,11,a
780 1643 925 1700 sinistrae
956 1657 1063 1701 rumor
1091 1658 1131 1700 ac

115 1727 218 1804 fumus
241 1732 398 1804 opinionis.
418 1761 460 1771 -
483 1728 524 1806 lb.
544 1727 564 1790 6
584 1731 807 1805 perimachiam
830 1735 948 1806 apertae
968 1727 1130 1806 interpola-

118 1818 209 1876 tionis
233 1816 342 1876 indicia
369 1835 439 1895 prae
468 1835 500 1877 se
528 1817 606 1877 ferre
634 1817 763 1877 confisus
787 1815 983 1895 Luetjohanni
1012 1819 1129 1877 eouieo-

118 1912 216 1965 turam
238 1909 412 1981 perniciter
435 1907 548 1986 recepi,
577 1923 754 1985 quamquam
781 1907 871 1965 etiam
898 1907 1052 1984 genetivus
1076 1905 1130 1966 ali-

117 1996 202 2055 euius
226 1992 414 2074 substantivi,
442 2001 474 2054 ut
493 1999 647 2071 perniciei
667 1994 714 2054 vel
732 1998 915 2071 perditionis
937 1994 1129 2054 intercidisse

116 2089 222 2162 potest.
246 2117 289 2124 -
312 2082 353 2142 lb.
377 2085 408 2142 in
437 2085 518 2143 exitu
545 2082 721 2162 paragraphi
744 2082 927 2143 difficultatis
955 2082 1043 2162 pleno
1067 2086 1129 2162 pri-

102 2189 197 2239 ,mum
220 2171 310 2231 verba
333 2174 429 2248 ipsam
452 2176 533 2233 iliam
553 2176 818 2233 dissimulationem
837 2190 896 2232 uon
915 2172 951 2231 ad
970 2190 1056 2231 reum
1075 2172 1127 2232 sed

117 2261 153 2320 ad
177 2260 361 2320 adversarios
384 2261 539 2321 referenda
559 2279 624 2321 esse
644 2261 742 2341 eredo,
764 2267 798 2320 ut
815 2261 889 2321 haee
908 2263 947 2320 sit
966 2263 1128 2321 sententia:

116 2352 212 2428 ipsam
226 2348 307 2408 illam
326 2349 601 2430 dissimulationem,
620 2368 677 2429 qua
693 2350 856 2409 adversarii
873 2351 1008 2409 conaturi
1027 2357 1129 2409 esseut

117 2455 169 2498 reo
188 2438 377 2519 persuadere,
402 2445 433 2498 ut
453 2440 517 2499 sine
537 2438 720 2499 dubitatione
739 2438 775 2498 ad
790 2440 1039 2516 interrogationes
1058 2456 1128 2498 suas

116 2533 150 2588 ut
168 2526 332 2586 levissimas
352 2526 646 2607 simplicissimasque
665 2527 869 2607 responderet,
891 2526 974 2587 valde
995 2526 1127 2587 iailacem

117 2616 179 2675 iore
203 2614 250 2675 vel
273 2618 446 2698 captiosam3
474 2617 504 2676 id
528 2618 607 2677 enim
631 2635 681 2677 eos
705 2623 836 2695 acturos,
864 2622 897 2676 ut
920 2634 1035 2675 summa
1058 2634 1128 2676 cum

117 2705 276 2765 securitate
310 2711 340 2765 et
372 2707 436 2765 sine
469 2704 601 2785 periculo
633 2724 664 2765 se
695 2706 831 2765 confiteri
862 2722 950 2783 posse
983 2705 1127 2764 erederet.

117 2793 176 2854 Sed
200 2792 271 2872 quid
294 2793 404 2854 iubae
427 2796 573 2855 sententia
602 2793 660 2854 sibi
686 2792 781 2854 valeat
805 2797 1015 2870 persuasionis
1041 2812 1128 2854 secu·

116 2886 208 2955 ritas,
241 2883 359 2962 ignor03
392 2883 470 2961 quod
499 2886 525 2943 si
551 2885 764 2962 inverteretur,
796 2888 829 2942 ut
857 2889 936 2942 esset
965 2886 1128 2958 persuasio

115 2973 304 3044 securitatis,
336 2989 405 3031 sane
433 2971 564 3050 intellegi
591 2978 715 3050 poterat.
765 2970 854 3050 Atqui
882 2988 918 3030 ex
947 2973 1128 3049 optimorum

117 3060 253 3120 codicum
277 3060 424 3138 scriptura
452 3078 593 3140 apparere
621 3061 739 3120 videtur
762 3062 793 3120 iu
822 3061 971 3119 communi
994 3061 1127 3122 omnium

116 3147 262 3208 librorum
285 3148 443 3228 archetypo
467 3148 541 3210 nibil
563 3149 655 3209 fuisse
678 3151 738 3208 nisi
756 3168 815 3210 exc
829 3194 835 3208 .
847 3195 854 3208 .
865 3195 889 3208 ..
904 3152 1050 3209 sciscitan
1065 3195 1071 3207 .
1084 3195 1090 3207 .
1102 3195 1126 3207 ..

115 3241 209 3299 sionis
241 3241 444 3299 securitatem.
500 3237 584 3309 Quod
617 3255 684 3298 cum
716 3240 757 3319 is,
790 3238 840 3316 qui
873 3236 1008 3297 codicum
1041 3235 1127 3297 MTC

115 3443 169 3498 LN
187 3447 298 3512 merois,
316 3460 389 3513 quae
406 3443 527 3498 fortasse
546 3460 608 3498 oum
628 3443 677 3498 iilo
696 3446 811 3501 inermia
830 3443 949 3500 conferri
968 3445 1071 3514 potest,
1092 3443 1127 3497 de

104 3531 164 3576 qao
187 3533 209 3567 r.
233 3513 381 3568 Woelfflin.
396 3515 480 3571 Areia
495 3515 544 3588 ΠΙ,
560 3520 619 3572 148.
635 3521 695 3572 336.
