2414 3864
489 188 597 243 LIBER
616 188 795 255 QUARTUS,

294 357 382 417 quam
405 347 499 399 totam
521 339 683 400 monachus
707 341 823 399 virente
847 342 879 399 in
903 359 973 400 aevo

295 435 409 488 secreta
432 427 508 488 bibit
531 430 727 507 institutione,

294 524 402 597 orator,
427 516 608 598 dialecticuS,
631 524 727 598 poeta,

293 613 444 685 tractator,
468 614 618 685 geometra
640 608 841 686 musicusque,

242 695 400 756 indoctus
427 694 541 755 solvere
565 694 659 756 vincla
685 697 894 774 quaestionum

296 791 326 843 et
349 783 433 844 verbi
457 782 553 862 gladio
578 802 678 845 secare
703 790 808 863 sectas,

296 874 322 932 si
345 891 419 950 quae
444 872 619 933 catholicam
642 873 732 933 fidem
755 871 913 933 lacessunt.

294 961 477 1040 psalmorum
500 963 549 1023 hic
572 961 738 1023 modulator
762 969 791 1022 et
813 961 982 1041 phonascus

295 1058 361 1110 ante
386 1049 490 1111 altaria
513 1051 604 1112 fratre
628 1050 793 1130 gratulante

243 1151 275 1200 15
294 1141 455 1201 instructas
479 1139 581 1201 docuit
604 1158 709 1200 sonare
734 1138 852 1199 classes.

293 1227 342 1288 hic
366 1227 560 1289 sollemnibus
583 1231 689 1289 annuis
713 1230 826 1308 paravit

294 1335 368 1396 quae
393 1336 451 1397 quo
475 1325 608 1397 tempore
632 1318 707 1378 lecta
731 1319 932 1378 convenirent.

293 1409 418 1467 antistes
442 1407 498 1467 fuit
522 1407 625 1467 ordine
649 1405 844 1485 insecundo,

292 1495 414 1556 fratrem
438 1496 517 1556 fasce
541 1495 640 1556 levans
665 1493 834 1575 episcopali.

242 1596 276 1644 20
295 1602 363 1644 nam
387 1584 423 1645 de
447 1585 596 1664 pontilicis
619 1593 723 1645 tenore
748 1585 857 1644 summi

294 1672 343 1733 ille
367 1675 495 1752 insignia
519 1676 654 1755 sumpsit,
679 1673 728 1733 hic
752 1671 892 1733 laborem.

293 1770 322 1822 at
345 1768 388 1841 tu,
411 1765 538 1842 quisque
563 1761 654 1844 doleS,
678 1764 771 1822 amice
796 1761 898 1840 lector,

294 1850 330 1910 de
353 1857 436 1911 tanto
460 1853 545 1930 quasi
568 1851 611 1911 nil
633 1854 696 1910 viro
721 1852 861 1929 supersit,

293 1938 361 1998 udis
384 1958 473 2019 parce
497 1942 581 2020 genis
604 1942 702 2019 rigare
726 1957 869 1999 marmor:

243 2039 276 2088 25
296 2045 381 2088 mens
405 2037 435 2089 et
457 2028 551 2108 gloria
573 2047 633 2089 non
657 2035 770 2108 queunt
792 2028 918 2088 humari.

133 2166 161 2230 7.
184 2167 261 2230 Ecce
286 2170 364 2250 quod
388 2190 516 2253 carmen,
544 2189 611 2232 cum
634 2172 765 2251 primum
788 2170 871 2248 affui,
901 2188 992 2249 super
1015 2188 1081 2231 unar

131 2259 232 2319 fratris
261 2277 328 2320 ossa
356 2263 530 2339 conscripsi.
575 2278 702 2339 namque
730 2266 802 2319 tunc
830 2259 903 2338 afui,
934 2277 1002 2318 cum
1030 2259 1081 2320 fun

132 2355 248 2430 rentur3
271 2367 327 2410 neo
351 2348 388 2409 ob
411 2349 468 2409 hoc
490 2356 590 2411 tamen
612 2348 729 2428 perdidi
752 2351 784 2408 in
807 2355 902 2409 totum
926 2347 1081 2409 desiderat?

131 2455 208 2498 mam
232 2437 323 2498 flendi
346 2440 540 2499 occasionem.
585 2457 655 2499 nam
677 2437 749 2497 dum
772 2438 847 2497 forte
866 2436 1037 2519 meditarer,
1060 2438 1081 2498 la

105 2539 117 2581 ⁵
132 2528 188 2586 mis
206 2525 336 2588 habenas
351 2529 448 2588 anima
462 2530 646 2606 parturiente
661 2525 755 2586 laxavi
769 2527 885 2605 fecique
901 2525 937 2585 ad
952 2527 1081 2606 epitaphi

133 2616 211 2694 quod
234 2615 285 2677 alii
307 2617 442 2676 fecerunt
470 2616 505 2676 ad
534 2616 732 2695 sepulchrum.
778 2615 851 2675 haec
875 2633 945 2693 ergo
970 2617 1081 2695 scripsi

131 2703 195 2786 tibi,
218 2722 255 2766 ne
279 2705 404 2765 forsitan
427 2703 606 2766 arbitrarere
631 2705 727 2765 solum
750 2721 805 2764 nos
828 2702 926 2764 colere
945 2706 1082 2766 vivorum

133 2792 283 2854 dalitatem
305 2796 409 2872 reique
432 2802 483 2855 tuo
507 2794 617 2855 iudicio
641 2811 790 2874 essemus,
817 2795 876 2853 nisi
899 2794 1066 2854 amicorum

132 2890 285 2943 carentum
300 2918 302 2922 -
318 2901 435 2961 semper
468 2901 561 2962 aeque
591 2891 624 2943 ut
651 2881 845 2943 incolumium
875 2883 1081 2944 reminiscerer

93 2982 120 3024 10
132 2987 259 3050 namque
283 2978 313 3032 et
336 2990 372 3032 ex
395 2971 465 3053 hoc,
496 2973 574 3051 quod
598 2974 646 3032 vix
674 2978 843 3031 reservatur
870 2972 1047 3049 imaginaria
1074 2976 1081 3033 l

133 3057 179 3118 vel
202 3059 425 3141 superstitibus,
451 3079 512 3121 non
535 3069 653 3140 praeter
676 3079 804 3140 aequum
827 3058 1003 3141 opinabere,
1032 3063 1059 3121 si

134 3166 245 3228 paucos
269 3167 334 3210 esse
359 3152 498 3230 coniciaS,
522 3152 573 3228 qui
596 3158 729 3210 mortuos
754 3155 860 3209 ament.
906 3148 978 3209 vale.

205 3336 310 3393 aaffui
335 3337 386 3394 OT
414 3340 418 3407 Ι
446 3337 643 3393 funerarentur
667 3338 749 3404 LN¹‚
778 3337 956 3393 funeraretur
973 3339 1081 3395 N‘Mo

133 3415 149 3464 3
169 3407 461 3464 desiderantissimam
480 3412 510 3480 (n
528 3427 595 3466 eruo.
612 3409 741 3479 M’tooo
751 3412 760 3479 ΙΙ
