2414 3864
278 185 444 243 SIDONIUS
462 185 618 241 PLACHlO
638 184 706 240 SUO
727 185 904 240 SALUTEM.
1056 183 1098 249 69

76 355 134 414 per
165 337 248 397 hunc
271 337 446 416 Spartacum
474 353 676 414 quaecumque
706 342 776 396 sunt
801 334 900 395 clausa
924 335 1101 414 franguntur

78 445 221 505 quaeque
250 424 385 485 obserata
412 432 598 505 reserantur3
629 427 684 504 ita,
717 424 809 505 quod,
842 443 916 502 quas
944 425 1101 486 domorum

79 517 255 594 nequiverit
277 514 422 575 machinis
446 521 564 593 apertae
589 512 747 574 simultatis
770 516 928 594 impetere,
954 513 1101 575 cuniculis

85 604 287 665 clandestinae
311 603 489 682 proditionis
513 605 674 681 impugnat.
711 602 768 662 hoc
791 601 936 663 fabricatu
954 601 1100 662 Daedalus

86 701 188 754 noster
216 695 415 752 amicitiarum
443 691 560 753 culmen
588 691 735 772 aedilicat,
765 694 816 770 qui
845 694 922 752 sicut
950 691 1100 752 sodalibus
1127 711 1140 752 5

90 781 166 843 velut
193 782 327 843 Theseus
359 784 438 841 inter
470 781 599 841 secunda
632 783 776 861 sociatur,
809 783 852 840 sic
882 780 918 841 ab
945 781 993 840 his
1020 787 1100 860 post-

93 870 207 931 modum
235 870 316 931 velut
337 869 463 930 Proteus
491 873 571 930 inter
594 869 716 929 adversa
740 869 889 930 dilabitur.
937 866 987 930 11.
1011 872 1102 948 igitur

97 977 124 1018 er
146 967 213 1020 voto
233 978 301 1020 meo
320 960 438 1040 leceris,
463 961 488 1018 si
507 959 611 1020 talium
632 957 780 1018 sodalitati
798 977 835 1018 ne
856 977 1018 1037 congressu
1038 960 1102 1038 qui-

100 1047 156 1107 dem
173 1052 305 1128 primore
326 1050 449 1128 sociere,
468 1065 604 1108 maxume
623 1046 752 1129 illorum,
772 1067 898 1127 quorum
913 1047 1102 1108 sermonibus

102 1140 255 1213 prostitutis
280 1156 312 1198 ac
335 1136 529 1197 theatralibus
552 1136 647 1198 nullas
670 1135 809 1217 habenas,
834 1136 914 1197 nulla
937 1139 1102 1216 praemittit
1119 1159 1144 1199 ro

106 1227 227 1305 repagula
240 1226 346 1307 pudor.
372 1244 440 1286 nam
455 1225 564 1305 quibus
579 1228 654 1286 citra
667 1226 831 1286 honestatis
846 1228 974 1286 nitorem
989 1228 1102 1286 iactita-

108 1312 198 1376 bundis
219 1315 353 1395 loquacis
377 1315 458 1375 faece
481 1316 660 1394 petulantiae
684 1314 784 1394 lingua
802 1315 945 1394 polluitur
968 1315 1103 1393 infrenis,

110 1399 146 1461 his
162 1407 337 1465 conscientia
359 1422 477 1483 quoque
497 1404 733 1464 sordidatissima
752 1411 805 1464 est.
840 1405 967 1483 denique
987 1403 1104 1464 facilius

114 1488 229 1575 obtingit,
257 1500 291 1554 ut
320 1495 467 1572 quispiam
491 1496 567 1554 seria
595 1493 720 1572 loquens
743 1496 821 1553 vivat
844 1493 987 1574 obscene,
1016 1511 1104 1572 quam

114 1578 185 1642 valeat
203 1582 328 1664 ostendi,
347 1585 398 1661 qui
416 1585 530 1661 pariter
548 1585 655 1642 existat
674 1582 827 1661 improbus
843 1584 931 1643 dictis
946 1589 975 1643 et
993 1581 1105 1662 probus
1120 1601 1145 1642 15

117 1671 232 1732 moribus.
270 1671 343 1732 vale.

556 1861 644 1930 XIV.

282 1983 449 2039 smourus
467 1983 621 2039 Pnacmo
641 1984 710 2039 suo
730 1984 909 2040 sanorum.

169 2092 193 2156 1.
208 2098 390 2177 Quamquam
409 2107 438 2160 te
453 2105 503 2159 tua
517 2104 601 2158 tenet
615 2097 840 2179 Gratianopolis,
860 2101 992 2177 comperi
1006 2106 1106 2159 tamen

118 2173 242 2260 hospitum
266 2194 401 2248 veterum
424 2188 483 2247 fido
506 2187 611 2267 relatu,
635 2187 713 2266 quod
736 2204 818 2247 meas
841 2205 934 2266 nugas
957 2189 1018 2248 sive
1037 2205 1106 2248 con·

118 2263 189 2334 lectas
209 2295 296 2356 opere
320 2279 455 2356 prosario
479 2295 533 2337 seu
554 2283 710 2355 poetarum
734 2275 802 2335 stilo
822 2276 1019 2336 cantilenosas
1038 2276 1106 2354 plus
1121 2297 1148 2337 no

118 2354 274 2427 volumnum
293 2365 421 2426 lectione
440 2366 562 2444 dignere
582 2367 790 2444 repositorum.
824 2365 936 2444 gaudeo
955 2365 1012 2424 hoc
1031 2368 1106 2446 ipso,

118 2449 178 2519 quod
196 2457 353 2534 recognovi
371 2454 513 2516 chartulis
533 2457 672 2532 occupari
688 2457 800 2514 nostris
820 2457 914 2514 otium
932 2462 1030 2535 tuum,
1055 2455 1107 2514 sed

119 2534 190 2606 ll0be
214 2544 367 2625 intellego,
396 2544 474 2623 quod
502 2543 636 2604 moribus
661 2545 721 2603 tuis
744 2543 821 2603 hanc
843 2542 1024 2622 voluptatem
1047 2562 1108 2603 non

119 2630 196 2697 operis
216 2634 339 2694 effectus
363 2633 483 2694 excudit
506 2633 558 2693 sed
582 2634 711 2693 auctoris
735 2633 867 2712 affectuS,
890 2632 1017 2710 ideoque
1039 2632 1108 2711 plus

120 2705 199 2800 debeo,
224 2725 292 2801 quia
319 2721 430 2800 gloriae
454 2730 611 2802 punctum,
639 2721 717 2800 quod
741 2721 865 2781 dictioni
888 2739 1026 2802 negares,
1055 2721 1108 2782 das
1122 2742 1148 2783 aa

120 2802 247 2872 miciliae.
295 2809 324 2872 2.
348 2812 384 2872 de
413 2813 522 2872 ceteris
550 2828 620 2871 vero
649 2810 740 2870 studii
764 2812 858 2870 nostri
883 2810 1108 2888 derogatoribus

120 2889 173 2960 llll
197 2918 228 2961 ex
256 2918 322 2960 asse
350 2903 554 2980 pronuntiem,
584 2899 712 2960 necdum
740 2898 909 2959 deliberavi.
960 2917 1029 2959 nam
1057 2902 1109 2979 qui

119 2989 229 3050 maxume
253 2989 359 3051 doctus
383 2989 441 3050 sibi
462 2990 587 3069 videtur,
611 2989 772 3048 dictionem
796 3007 896 3048 sanam
921 2995 950 3048 et
973 2991 1109 3049 insanam

119 3059 191 3135 selme
218 3081 353 3158 appetitu
383 3080 449 3158 pari
479 3077 615 3158 revolvit,
647 3095 707 3137 non
738 3077 864 3155 amplius
894 3080 1108 3157 concupiscens

119 3165 204 3247 erecta,
225 3186 300 3247 qnae
324 3167 433 3249 laudet,
457 3186 543 3246 quam
568 3167 716 3247 despecta,
740 3184 814 3245 quae
834 3166 937 3227 rideat.
969 3174 1057 3247 atque
1076 3169 1108 3226 in
1122 3190 1148 3228 eo

174 3339 342 3410 aquaeque]
367 3354 561 3406 quaecumque
581 3339 607 3392 Τ
631 3341 641 3406 ΙΙ
668 3344 684 3392 6
703 3336 760 3410 his]
779 3336 836 3391 illis
858 3338 882 3393 0
905 3341 914 3407 ΙΙ
942 3343 957 3390 8
977 3353 1029 3391 nec
1049 3339 1075 3392 T
1099 3337 1109 3409 ll

120 3396 146 3444 ¹⁰
157 3409 306 3480 praemittit
324 3409 379 3478 (vel
402 3427 452 3479 per
470 3427 490 3465 a.
511 3411 528 3464 l.
548 3411 611 3464 add.
631 3409 741 3477 MhM,
764 3407 906 3478 permittit
926 3410 950 3462 T
974 3412 989 3478 ll
1013 3415 1044 3463 ι’(
1064 3410 1110 3463 iu-

119 3476 191 3543 lfflll·
208 3498 255 3564 om.
270 3481 319 3551 1311
334 3486 368 3534 23
387 3482 560 3551 voluptatem
579 3481 646 3538 ΒΝ
648 3480 686 3538 Μ
690 3480 757 3555 Tc,
780 3481 967 3540 uoluntatem
983 3497 1066 3535 mon.
1083 3496 1132 3548 pr.

120 3549 145 3588 m
162 3541 425 3619 Vlltean·31‘r?-⁷›·0fi
442 3569 483 3622 est·
502 3553 560 3616 IX.
576 3561 603 3626 9,
619 3563 639 3616 9
653 3561 662 3631 ll
678 3563 714 3616 27
734 3558 818 3632 quod
840 3555 1041 3630 Olncndnm
1060 3550 1117 3621 (th
