2414 3864
93 164 158 230 326
466 164 618 221 CARMEII
635 164 732 219 XVIII.

547 380 651 446 XVII.

407 501 457 556 In
476 502 510 560 V.
529 503 559 558 O.
578 501 787 557 OMMATIUM.

162 617 308 688 Quattuor
331 623 398 677 ante
422 615 487 676 dies
511 634 599 695 quam
622 615 672 676 lux
696 614 818 677 Sextilis
842 615 942 677 adusti

229 708 325 786 prima
349 705 521 784 spiciferum
544 705 676 784 proferat
699 704 771 765 orbe
794 712 898 786 caput,

161 795 266 856 natalis
289 796 400 855 nostris
423 794 557 854 decImus
582 801 742 872 sextusque
767 792 898 875 coletur,

227 884 353 943 adventu
376 881 446 943 felix
470 885 522 961 qui
544 885 620 961 petit
643 900 709 943 esse
733 889 792 943 tuo.

126 985 221 1034 onon
243 971 299 1032 tibi
322 973 476 1050 gemmatis
498 979 648 1051 ponentur
670 971 795 1050 prandia
819 974 950 1053 mensis,

226 1061 365 1140 Assyrius
388 1078 492 1120 murex
516 1079 571 1121 nec
594 1059 650 1121 tibi
673 1062 766 1138 sigma
790 1059 887 1141 dahit3

160 1168 215 1210 nec
237 1168 293 1228 per
314 1148 494 1228 multipIIces
517 1148 606 1210 abaco
631 1148 804 1228 splendente
829 1167 974 1209 cavernas

227 1240 341 1317 argenti
364 1240 442 1316 nigri
464 1237 596 1316 pondera
620 1237 784 1317 defodiam,

160 1346 215 1389 neo
239 1327 366 1406 scyphus
389 1327 437 1387 hio
461 1325 592 1407 dabitur,
616 1326 705 1387 rutilo
729 1329 779 1387 cui
801 1332 879 1387 forte
903 1326 1023 1387 metallo

110 1431 142 1479 10
228 1422 392 1477 crustatum
416 1417 541 1494 stringat
563 1414 672 1476 tortilis
696 1434 767 1476 ansa
789 1414 876 1476 latus.

160 1505 272 1566 fercula
296 1512 365 1565 sunt
387 1503 474 1565 nohis
497 1504 670 1584 mediocria,
695 1523 754 1565 non
779 1506 820 1564 ita
844 1504 936 1584 lacta,

227 1611 384 1654 mensurae
408 1603 441 1653 ut
464 1594 584 1672 grandis
607 1592 742 1673 suppleat
765 1611 814 1654 ars
837 1595 983 1672 pretium.

160 1702 221 1744 non
243 1701 335 1762 panes
357 1681 466 1761 Libyca
490 1682 592 1743 solitos
615 1682 774 1743 flavescere
798 1681 886 1761 Syrte

227 1773 352 1851 accipiet
375 1770 450 1831 Galli
473 1773 584 1832 rustica
606 1790 710 1831 mensa
732 1773 785 1832 tui.

42 1884 45 1890 ·
111 1874 142 1922 15
162 1863 231 1921 vina
253 1861 326 1920 mlhi
349 1879 409 1920 non
433 1867 501 1920 sunt
524 1859 673 1940 Gazetica,
696 1859 782 1941 Chia,
804 1858 932 1921 Falerna

228 1968 362 2028 quaeque
386 1949 548 2028 Saraptano
572 1949 691 2028 palmite
715 1950 807 2009 missa
830 1947 927 2010 bibas.

160 2038 265 2118 poeula
288 2056 347 2098 non
370 2038 419 2098 hic
443 2044 512 2098 sunt
535 2036 663 2098 illustria
685 2039 805 2099 nomine
829 2040 913 2118 pagi,

226 2126 305 2206 quod
328 2128 428 2205 posuit
451 2129 562 2186 nostris
585 2129 649 2206 ipse
672 2129 811 2187 triumvir
834 2130 925 2205 agris.

158 2224 312 2276 tutamen
335 2223 368 2276 ut
391 2217 495 2275 venias
513 2217 656 2296 petimus;
679 2215 761 2276 dabit
784 2218 885 2277 omma
909 2215 1074 2276 Chusa·

106 2319 141 2367 20
226 2305 275 2365 hic
297 2305 371 2364 mihi
395 2306 446 2382 qui
468 2306 595 2382 patriam
617 2305 688 2365 lecit
710 2322 810 2365 amore
834 2312 897 2365 tuo,

541 2529 662 2595 XVIII.

351 2652 399 2706 DE
419 2651 575 2706 BALNEIS
593 2651 726 2707 VELAE
746 2651 849 2707 SUAE.

162 2767 194 2827 Si
218 2768 285 2844 quis
309 2766 461 2826 Avitacum
485 2766 617 2844 dIgnaris
640 2768 736 2826 xlsere
760 2774 910 2847 nostram,

226 2873 286 2915 non
310 2854 367 2914 tibi
390 2854 562 2934 displiceat:
586 2857 643 2934 sic,
666 2854 745 2933 quod
768 2853 875 2935 habes,
898 2855 1023 2935 placeat.

161 2942 275 3004 aemula
298 2943 406 3003 Baiano
429 2942 574 3005 tolluntur
597 2943 725 3005 culmina
744 2961 818 3002 cono

226 3051 338 3112 parque
363 3032 536 3093 cothurnato
560 3034 671 3092 vertice
695 3030 787 3110 fulget
810 3050 894 3111 apex.

129 3135 145 3182 5
165 3121 283 3200 garrula
307 3121 451 3182 Gauranis
473 3120 541 3200 plus
564 3127 730 3181 murmurat
751 3120 832 3181 unda
854 3121 973 3182 lluentis

230 3212 362 3288 contigui
385 3209 469 3270 collis
492 3209 573 3289 lapsa
597 3207 765 3288 supercilio.

166 3380 244 3436 XVII
267 3382 302 3447 cf.
322 3382 422 3436 Versus
444 3381 568 3436 Martiali
590 3380 750 3436 nemaeum
772 3383 893 3452 episcopi
914 3384 944 3438 iu
965 3370 1067 3453 rotoldi

93 3453 182 3511 [ΛΜ.
209 3453 250 3510 ed.
276 3453 374 3523 Peipec
398 3470 426 3523 p.
446 3456 510 3520 195)
542 3457 557 3523 II
588 3460 603 3506 t
628 3451 719 3505 nostri
743 3452 767 3508 0
794 3457 804 3522 l
836 3459 853 3507 o
879 3452 976 3506 simma
995 3442 1049 3504 codd·
1060 3440 1065 3507 l

202 3533 217 3584 ⁰.
238 3525 292 3584 sed
313 3525 354 3598 F,
371 3524 397 3581 si
415 3525 526 3597 vulpot
