2392 3854
314 124 482 230 SlDONIUS
501 172 597 228 LUPO
617 172 685 228 SUO
706 170 877 226 SALUTEM
1043 169 1107 236 193

87 324 256 386 stellatione
289 325 492 402 percontantis
522 325 656 400 inspecta
685 323 797 401 pariter
829 339 939 382 annum
973 338 1107 383 mensem

86 415 226 493 diemque
247 412 396 493 dixerunt,
414 429 499 492 quos,
516 418 550 473 ut
567 409 657 471 verbo
677 410 844 471 matheseos
863 416 938 490 utar,
957 409 1107 471 climacte-

87 506 165 564 ricos
189 508 273 562 esset
294 500 464 581 habiturus,
487 506 589 579 utpote
614 499 721 578 quibus
744 498 874 560 themate
898 497 995 558 oblato
1021 492 1107 577 quasi

88 591 297 672 sanguinariae
312 592 466 669 geniturae
481 589 600 650 schema
614 591 769 668 patuisset,
784 590 853 667 quia
867 587 1005 649 videlicet
1018 588 1107 647 amici

88 682 240 742 nascentis
259 697 346 759 anno,
365 696 582 759 quemcumque
601 676 777 739 clementem
796 678 1012 757 planeticorum
1028 676 1106 737 side·
1133 698 1147 740 s

90 788 154 832 mm
178 767 302 848 globum
320 770 352 828 in
371 767 544 828 diastemata
562 765 680 828 zodiaca
702 784 829 846 prosper
852 774 935 827 ortus
959 772 1107 847 erexerat,

89 858 166 919 hunc
196 860 229 918 in
258 875 365 918 occasu
388 858 520 917 cruentis
545 854 663 934 ignibus
687 855 912 917 inrubescentes
936 873 990 915 seu
1018 875 1108 937 super

90 947 239 1008 diametro
254 945 420 1006 Mercurius
439 945 598 1024 asyndetus
613 963 667 1005 seu
686 963 776 1024 super
794 951 948 1025 tetragono
964 944 1109 1009 Saturnus

91 1034 284 1115 retrogradus
312 1053 366 1095 seu
389 1052 480 1113 super
503 1040 605 1094 centro
628 1032 706 1094 Mars
726 1037 971 1112 apocatastaticus
990 1053 1110 1098 exacer-

90 1123 221 1186 bassent.
270 1119 320 1184 10.
349 1123 402 1184 sed
425 1123 462 1183 de
485 1122 547 1204 his,
576 1125 602 1182 si
626 1141 683 1201 qua
705 1122 752 1183 vel
775 1142 894 1202 quoquo
917 1126 1005 1186 modo
1029 1132 1151 1205 sunt,1o

92 1230 274 1293 quamquam
306 1215 367 1272 sint
398 1229 535 1272 maxume
568 1210 640 1271 lalsa
673 1211 798 1291 ideoque
822 1212 965 1294 fallentia,
989 1215 1015 1274 si
1039 1213 1110 1293 quid

91 1302 210 1381 plenius
234 1299 426 1382 planiusque,
454 1303 565 1361 rectius
594 1318 707 1382 coram,
735 1301 806 1361 licet
829 1308 858 1362 et
882 1305 946 1381 ipse
970 1303 1110 1362 arithme-

91 1393 166 1452 ticae
187 1390 310 1451 studeas
329 1397 367 1470 et,
387 1408 462 1469 quac
482 1389 635 1467 diligentia
649 1396 708 1471 tua,
722 1389 879 1450 Vertacum
892 1390 1110 1471 Thrasybulum

91 1479 288 1540 Saturninum
311 1478 455 1540 sollicitus
480 1477 604 1558 evolvas,
627 1485 661 1537 ut
680 1480 732 1557 qui
751 1497 869 1558 semper
887 1479 929 1539 nil
947 1481 1007 1539 nisi
1026 1497 1107 1539 arca-

92 1580 174 1630 num·
196 1566 369 1646 celsumque
397 1567 552 1628 meditere.
598 1567 720 1626 interim
748 1568 784 1628 ad
808 1586 950 1646 praesens
973 1568 1015 1628 nil
1040 1587 1166 1628 con-15·

95 1655 281 1718 iecturaliter
298 1663 428 1737 gestum,
450 1654 495 1716 nil
516 1673 571 1735 per
594 1655 745 1736 ambages,
768 1656 1008 1736 quandoquidem
1030 1657 1110 1717 hunc

94 1754 232 1806 nostrum
250 1748 443 1806 temerarium
461 1745 631 1806 futurorum
646 1747 861 1806 sciscitatorem
881 1754 910 1807 et
928 1747 980 1807 diu
999 1746 1110 1807 frustra

94 1837 342 1914 tergiversantem
351 1841 469 1914 tempus
484 1841 514 1894 et
527 1832 653 1912 qualitas
668 1835 836 1913 praedictae
846 1837 952 1896 mortis
966 1837 1109 1897 innexuit.

99 1921 147 1984 11.
170 1941 241 1984 nam
264 1923 345 1983 domi
367 1942 491 2002 pressus
515 1921 773 2002 strangulatusque
798 1943 952 1986 servorum
974 1925 1110 1986 manibus

97 2013 252 2073 obstructo
285 2012 416 2073 anhelitu
448 2019 568 2090 gutture
605 2010 761 2094 obstricto,
792 2032 830 2075 ne
863 2014 975 2075 dicam‘
993 2014 1111 2075 Lentuli
1125 2034 1153 2073 ao

96 2100 253 2180 iugurthae
282 2109 370 2180 atquc
398 2101 511 2181 Seiani,
539 2107 620 2160 corta
652 2100 826 2163 Numantini
854 2103 1002 2183 Scipionis
1030 2106 1111 2164 exitu

98 2192 194 2269 periit
226 2190 299 2250 haec
318 2192 349 2250 in
367 2190 422 2251 hac
442 2190 531 2250 caede
555 2191 653 2248 tristia
675 2193 783 2274 minuS,
809 2192 887 2271 quod
906 2192 989 2252 nelas
1013 2193 1111 2270 ipsum

96 2297 164 2339 cum
183 2285 304 2339 auctore
323 2279 393 2339 facti
411 2277 597 2358 parricidalis
612 2277 742 2340 diluculo
761 2283 922 2341 inventum,
955 2298 1022 2339 nam
1042 2282 1110 2358 quis

98 2367 132 2427 ab
159 2368 314 2428 hominum
341 2374 401 2427 tam
434 2366 538 2447 procul
571 2385 675 2448 sensu,
706 2372 773 2448 quis
801 2371 841 2430 ita
865 2371 982 2448 gemino
1006 2367 1111 2452 obtutu

99 2455 289 2538 eluminatuS,
318 2458 369 2535 qui
400 2457 560 2517 exanimati
592 2456 733 2517 cadavere
765 2460 900 2537 inspecto
927 2474 987 2517 non
1011 2459 1110 2517 statim
1124 2476 1157 2517 es

101 2547 181 2624 signa
198 2544 448 2624 vitae-colligeret
467 2540 622 2605 extortae?
657 2544 705 2607 12.
730 2549 841 2607 etenim
858 2547 995 2625 protinus
1025 2565 1110 2624 argu-

101 2641 197 2694 mento
221 2634 305 2694 luere
328 2633 417 2694 livida
441 2636 527 2714 cutiS,
550 2631 629 2693 oculi
650 2634 878 2714 protuberantes
902 2642 931 2695 et
949 2637 981 2694 in
1004 2634 1110 2695 obruto

102 2722 181 2784 vultu
198 2741 259 2783 non
282 2725 397 2783 minora
420 2726 482 2784 irae
505 2724 628 2800 vestigia
652 2741 739 2801 quam
763 2723 882 2783 doloris.
924 2725 1042 2783 inventa
1065 2731 1112 2785 est

170 2899 186 2948 6
205 2891 376 2948 diastemata
391 2894 507 2949 zodiaca
520 2895 611 2964 uulgo,
627 2892 766 2948 diastema
780 2893 895 2948 zodiaca
909 2894 1036 2964 LNOI’,
1051 2894 1111 2949 dia-

105 2965 220 3019 stemate
238 2963 354 3019 zodiaco
373 2965 441 3031 PF,
465 2965 510 3018 die
529 2967 556 3034 (a
575 2981 642 3019 eros.
657 2965 695 3018 M
698 2966 716 3034 1)
740 2966 877 3019 astemate
894 2964 1011 3019 zodiaca
1030 2971 1110 3035 (corr.

105 3036 133 3090 ia
154 3034 268 3090 zodiaco
286 3036 391 3104 M¹)M
405 3038 414 3106 11
435 3041 451 3090 9
471 3035 711 3104 apocatastaticus
730 3037 807 3102 MT,
836 3035 882 3090 vel
905 3039 1110 3106 apotastaticus

105 3120 123 3159 a.
141 3107 158 3161 l.
177 3107 240 3162 cdd.
256 3108 312 3174 M1,
336 3107 544 3177 apocatasticus
565 3111 644 3174 (corr.
664 3109 697 3162 tn
715 3105 952 3175 apocatastaticus
971 3108 1088 3178 Luto
1101 3110 1109 3180 lt

109 3181 137 3230 10
155 3176 179 3231 si
196 3195 253 3246 qua
270 3177 317 3232 vel
336 3194 446 3247 quoque
466 3181 491 3247 (e
510 3195 579 3234 corr.
594 3179 626 3232 iu
640 3195 656 3233 o
671 3178 762 3248 L¹)L,
780 3177 805 3230 si
823 3195 879 3245 qua
897 3195 1008 3248 quoque
1029 3185 1110 3248 (corr.

108 3248 247 3316 {aqualia
265 3265 376 3318 quoquc
395 3249 428 3303 N
430 3251 449 3318 ¹)
456 3250 497 3318 N,
525 3248 621 3318 qualia
640 3249 685 3303 vel
704 3264 815 3317 quoque
835 3250 866 3318 T,
886 3250 982 3317 qualia
1000 3267 1109 3318 quoque

110 3317 142 3372 M
145 3319 175 3385 03
198 3320 244 3374 vel
262 3321 357 3375 moliar
374 3321 523 3387 secludere;
547 3323 581 3389 cf.
601 3338 640 3389 ep.
656 3322 682 3388 I,
696 3325 753 3388 9,1
773 3319 797 3372 si
816 3320 878 3386 quis
898 3337 1008 3390 quoquo
1027 3321 1109 3374 modo

160 3391 253 3446 aditus
267 3395 277 3462 fl
292 3397 324 3445 12
344 3408 437 3445 coram
458 3392 516 3447 Μ’
532 3399 557 3447 et
574 3400 654 3458 (corr.
674 3394 706 3447 ic
724 3390 839 3445 coheret
856 3392 910 3460 Na)
917 3392 955 3461 N,
978 3391 1111 3446 cohaeret

115 3458 210 3529 VM&
236 3463 271 3530 cf.
286 3463 362 3518 Pria.
378 3480 417 3532 ep.
438 3463 523 3531 VIII,
536 3469 617 3532 22,4
641 3463 691 3516 sed
713 3461 813 3516 molius
836 3478 931 3515 coram
957 3465 969 3530 [l
995 3467 1026 3514 13
1046 3462 1110 3515 dili-

111 3532 199 3597 gentia
216 3536 267 3589 tua
284 3535 350 3589 LN
351 3535 382 3600 T,
402 3536 451 3588 tua
469 3538 531 3607 (tua
548 3551 569 3593 a.
589 3535 608 3593 l.
629 3534 695 3594 aad.
716 3533 776 3608 Ml)
795 3533 952 3606 diligentia
969 3532 1066 3598 otuu

151 3631 314 3673 noscimus
328 3632 361 3678 od.
376 3633 405 3673 Μ
408 3635 466 3677 chr.
947 3626 987 3676 Ϋῧ
