2414 3864
113 155 283 213 SIDONIUS
294 114 446 211 'DOMINO
465 155 584 210 PAPAE
603 155 745 212 PAUSTO
765 156 943 212 SALUTEM.
981 157 1046 224 205

66 308 157 367 riusce
180 308 349 367 temeritate
372 304 570 385 devenustari,
589 308 658 385 quia
676 313 776 367 tantus
795 314 841 367 est
864 306 939 367 fivor
961 307 1046 368 dero-

66 403 178 476 torum,
194 402 228 456 ut
242 397 375 474 materia,
389 413 477 473 quam
491 397 595 476 mittis,
608 394 740 456 velocius
755 398 896 456 sortiatur
910 395 1047 457 inchoata

66 484 178 546 obrum
202 502 290 563 quam
313 485 470 544 terminata
493 484 674 562 suffragium.
719 502 835 545 memor
860 487 957 545 nostri
980 502 1046 545 esse

66 591 168 653 gnare,
193 573 312 633 domine
336 590 419 651 papa.

510 762 567 828 HI.

127 884 297 942 SIDONIUS
315 884 460 940 DOMINO
478 883 596 940 PAPAE
615 885 756 942 PAUSTO
777 886 954 943 SALUTEM.
1076 906 1089 946 o

101 996 131 1061 1.
169 999 273 1061 Servat
304 999 551 1060 consuetudinem
584 1019 667 1061 suam
698 1009 759 1060 tam
786 1001 923 1062 facundia
950 1008 1048 1062 vestra

66 1107 122 1149 ram
146 1091 254 1170 pietas,
281 1096 368 1168 atque
393 1088 430 1150 ob
453 1089 510 1149 hoc
533 1088 697 1170 granditer,
726 1089 804 1168 quod
833 1089 943 1151 diserte
975 1093 1049 1151 scri·

66 1181 114 1261 tis,
138 1178 289 1258 eloquium
313 1180 503 1258 suspicimus,
522 1179 601 1258 quod
624 1177 761 1259 libenter,
785 1179 932 1240 allectum.
969 1186 1047 1241 cete-

66 1286 101 1330 uu
125 1267 162 1329 ad
185 1286 327 1348 praesens
350 1269 442 1346 petita
465 1269 550 1328 venia
573 1270 658 1347 prius
677 1270 892 1349 impetrataque
912 1271 1048 1329 cautissi-

66 1375 116 1419 um
149 1376 218 1418 reor
250 1377 283 1418 ac
317 1355 544 1418 saluberrimum
559 1376 627 1436 ,per
654 1357 707 1417 has
734 1375 871 1418 maxume
904 1359 1049 1438 civitates
1064 1369 1089 1408 10

66 1465 109 1508 rae
143 1446 269 1507 multum
302 1448 361 1507 situ
398 1463 537 1525 segreges
570 1456 670 1526 agunt,
711 1445 782 1507 dum
815 1453 885 1506 sunt
916 1448 1050 1525 gentium

66 1535 166 1597 otibus
185 1538 293 1597 itinera
312 1541 458 1615 suspecta,
481 1534 550 1596 stilo
569 1536 767 1614 frequentiori
786 1537 957 1596 renuntiare
977 1535 1049 1595 dila·

66 1643 122 1704 quc
151 1626 298 1704 tantisper
324 1625 421 1685 mutui
453 1623 611 1685 sedulitate
640 1626 786 1685 sermonis
820 1642 922 1685 curam
950 1627 1049 1704 potius

66 1730 188 1775 sumere
212 1709 440 1774 conticescendi.
473 1714 551 1791 quod
575 1715 654 1773 inter
677 1713 835 1774 obstrictas
858 1714 966 1774 aiiectu
988 1732 1049 1774 me·

66 1811 135 1864 ante
154 1821 297 1882 personas
313 1804 510 1882 asperrimum
529 1821 706 1881 quamquam
721 1812 808 1881 atque
823 1802 1050 1864 acerbissimum
1065 1812 1091 1854 15

66 1899 92 1973 st,
113 1909 175 1953 non
198 1899 298 1952 tamen
321 1893 419 1952 causis
442 1891 572 1952 eflicitur
591 1891 866 1973 qualibuscumque,
885 1893 938 1953 sed
958 1891 1050 1972 pluri-

66 1981 96 2041 ns
123 1983 215 2042 certis
245 1987 276 2040 et
302 1982 479 2041 necessariis
508 1997 643 2059 quaeque
671 1981 797 2041 diversis
820 1983 1052 2060 proficiscuntur

66 2069 263 2149 ioriginibus.
301 2067 330 2129 2.
354 2088 480 2148 quarum
493 2071 551 2130 ista
565 2068 676 2131 calculo
690 2071 822 2149 primore
836 2070 1052 2152 numerabitur,

67 2158 117 2218 uod
135 2158 285 2220 custodias
309 2176 449 2237 aggerum
468 2158 656 2237 publicorum
674 2178 861 2238 nequaquam
879 2159 1051 2220 tabellarius

66 2249 145 2308 unsis
167 2248 374 2328 inrequisitus
398 2249 449 2326 qui
468 2250 526 2308 etsi
544 2246 671 2327 periculi
693 2248 776 2329 nihil,
799 2255 902 2328 utpote
926 2251 1050 2309 crimine
1065 2258 1120 2302 2⁰·

66 2349 157 2418 asans,
189 2335 351 2416 plurimum
388 2354 458 2396 sane
490 2338 608 2416 perpeti
640 2335 715 2397 solet
752 2337 948 2418 difficultatis,
981 2338 1051 2398 dum

66 2434 187 2488 caetum
224 2442 310 2505 omne
347 2425 518 2505 gerulorum
558 2425 682 2505 pervigil
720 2426 888 2505 explorator
925 2426 1051 2505 indagat.

66 2525 165 2576 uorum
194 2517 221 2575 si
250 2514 326 2575 iortc
356 2516 511 2594 responsio
540 2515 842 2594 quantulumcumque
866 2515 902 2574 ad
925 2517 1052 2575 interro·

66 2608 107 2664 tta
127 2603 334 2685 trepidaverit,
366 2622 441 2682 quae
468 2622 528 2664 non
555 2606 748 2664 inveniuntur
771 2606 893 2684 scripta,
916 2602 1053 2664 mandata
1118 2649 1123 2659 .

66 2691 215 2773 reduntur3
243 2711 278 2753 ac
304 2711 358 2771 per
388 2692 443 2752 hoc
472 2694 599 2753 sustinet
627 2694 767 2753 Iniuriam
789 2692 978 2773 plerumque,
1002 2694 1053 2771 qui
1067 2701 1092 2741 2⁵

66 2777 177 2863 tittitur,
196 2784 248 2861 qui
272 2783 371 2862 mittit,
394 2780 545 2862 invidiam,
563 2781 689 2861 plusque
709 2784 740 2841 in
759 2782 815 2842 hoc
832 2788 975 2862 tempore,
995 2800 1053 2860 quo

66 2869 239 2931 amulanium
262 2872 389 2931 Invicem
408 2889 474 2931 sese
492 2871 609 2950 pridem
628 2871 747 2932 foedera
767 2877 874 2932 statuta
893 2889 1054 2949 regnorum

66 2966 138 3019 enno
168 2977 223 3038 per
254 2958 445 3020 condiciones
477 2958 676 3021 discordiosas
710 2962 848 3039 ancipitia
880 2959 1054 3022 redduntur.

66 3083 71 3096 ·
106 3056 220 3126 praeter
247 3048 304 3109 hoc
336 3051 401 3128 ipsa
432 3067 516 3109 mens
548 3056 650 3109 nostra
683 3048 854 3110 domesticis
886 3049 956 3110 hinc
984 3049 1053 3110 inde
1165 3061 1168 3067 ⁴

76 3296 85 3310 ·
118 3241 131 3288 7
150 3236 253 3291 diserte
273 3235 396 3291 scribitis
416 3237 561 3306 eloquium
578 3237 745 3308 suspicimus
764 3239 932 3306 Woouoereu,
951 3238 1055 3293 diserte

66 3292 173 3362 hatone
193 3309 228 3377 0)
252 3307 365 3377 scriptis
389 3308 532 3376 eloquium
551 3309 720 3380 suscipimus
739 3310 867 3379 LNOT,
892 3310 933 3364 sic
951 3309 1055 3363 diserte

66 3381 77 3419 Ι
99 3377 204 3449 scriptis
228 3378 372 3447 eloquium
396 3379 563 3450 suscipimus
586 3381 639 3451 (sic
657 3381 732 3435 diser
749 3383 782 3435 iu
799 3399 853 3437 ras.
868 3383 926 3450 Mt
947 3380 978 3434 in
995 3397 1016 3436 a.
1037 3381 1054 3436 l.

66 3440 223 3572 &2me
232 3453 291 3576 ”1124
310 3450 451 3506 obtrectas
466 3453 492 3507 L
506 3455 515 3523 ΙΙ
530 3457 563 3509 15
578 3460 642 3524 post
661 3451 851 3524 asperrimum
864 3454 921 3525 leq.
933 3454 982 3506 ost
991 3453 1028 3506 iu
1037 3451 1070 3503 i,

126 3526 229 3577 secreto
282 3525 297 3591 l
