2414 3864
165 122 229 186 112
526 120 635 175 LIBER
654 119 821 185 QUINTUS.

162 270 304 331 adhiberi.
352 269 382 332 6.
405 270 452 331 his
480 269 615 330 moribus
645 269 775 331 obruunt
797 272 895 331 virum
922 288 984 334 non
1008 272 1105 332 minus
1125 270 1165 330 bo-

161 362 253 421 nitate
278 378 367 439 quam
389 366 536 438 potestate
559 353 769 438 praestantem.
812 359 864 420 sed
890 359 962 439 quid
986 360 1075 421 iaciat
1095 376 1164 438 unus,

161 449 293 528 undique
308 456 452 509 venenato
466 448 591 509 vallatus
611 446 798 528 interprete?
826 448 907 531 quid,
929 450 1063 531 inquam,
1085 449 1162 528 iaciat

162 540 210 599 cui
233 544 339 598 natura
362 556 431 598 cum
458 537 559 618 honis,
592 540 650 598 vita
679 557 747 599 cum
774 537 861 598 malis
889 534 958 599 est?
995 538 1161 618 adquorum

135 627 286 688 sconsiiia
304 626 438 687 Phalaris
462 628 615 687 cruentior
633 626 711 687 Mida
734 626 881 707 cupidior,
903 627 1003 688 Ancus
1028 627 1161 688 iactantior

162 717 343 795 Tarquinius
363 715 530 794 superbior,
553 715 692 777 Tiberius
711 715 846 776 callidior
866 715 957 777 Gaius
976 716 1159 796 periculosior,

162 805 303 867 Claudius
327 805 482 866 socordior
500 803 579 865 Nero
603 807 758 886 impurior,
782 803 873 866 Galba
896 807 1013 865 avarior
1032 804 1166 866 011111·

163 893 273 973 dacior,
298 893 434 954 Vitellius
459 896 662 972 sumptuosior
684 893 870 954 Domitianus
892 892 1091 956 truculentior
1109 890 1157 955 111-

163 983 293 1043 deretur.
350 981 379 1044 7.
412 1001 497 1063 sane,
534 982 613 1061 quod
645 982 851 1062 principaliter
885 982 1025 1044 medetur
1055 982 1157 1058 afflictis,

122 1095 148 1134 10
162 1078 309 1150 temperat
340 1070 544 1132 Lucumonem
581 1078 718 1134 nostrum
753 1071 918 1150 Tanaquil·
936 1090 997 1133 sua·
1028 1081 1059 1134 et
1090 1085 1156 1132 auro

162 1162 262 1220 mariti
298 1163 397 1221 virosa
434 1179 630 1222 susurronum
668 1161 750 1222 iaece
783 1160 947 1240 completas
979 1161 1155 1242 oportunitate

163 1249 233 1310 salsi
257 1252 406 1310 sermonis
436 1250 585 1310 eruderat.
632 1252 717 1311 cuius
741 1250 840 1310 studio
865 1248 1005 1328 [lactum]
1031 1253 1157 1312 11111111

161 1357 215 1418 par
239 1346 284 1399 est
306 1338 382 1399 nihil
399 1341 522 1399 interim
541 1341 635 1418 quieti
654 1339 780 1400 iratrum
799 1340 1004 1400 communium
1023 1338 1096 1420 apud
1112 1337 1156 1397 ani

161 1447 243 1488 mum
281 1430 447 1489 communis
483 1429 602 1508 patroni
638 1429 790 1488 iuniorum
822 1427 1032 1507 Cibyratarum
1068 1440 1157 1488 111111

122 1541 147 1580 15
162 1520 300 1578 nocuisse
333 1535 431 1596 neque
469 1519 629 1595 quicquam
665 1517 721 1577 deo
754 1519 936 1597 propitiante
969 1520 1113 1596 nocitura,
1141 1512 1158 1573 11

162 1606 258 1686 modo,
278 1606 418 1684 quamdiu
437 1624 579 1686 praesens
598 1613 731 1685 potestas
744 1604 978 1685 Lugdunensem
992 1605 1158 1667 Germanian

162 1697 249 1776 regit,
275 1702 409 1756 nostrum
440 1713 587 1774 suumque
611 1694 822 1782 Germanicum
849 1713 994 1774 praesens
1019 1695 1157 1774 Agrippina

161 1782 341 1844 moderetur.
388 1783 459 1845 vale.

395 2045 397 2048 ⁴
625 1991 714 2058 Vin.

326 2113 495 2169 SIDONIUS
515 2113 723 2170 snounbino
743 2113 812 2170 SUO
834 2113 1017 2172 SALUTEM.

35 2306 39 2314 .
122 2251 147 2290 20
232 2225 258 2289 1.
282 2227 339 2288 Diu
363 2228 484 2307 quidem
507 2235 562 2308 est,
586 2227 664 2306 quod
688 2235 717 2287 te
741 2227 922 2289 hexametris
940 2229 1113 2292 familiarius
1127 2227 1159 2285 in·

161 2319 342 2377 servientem
372 2324 526 2396 stupentes
557 2317 823 2396 praedicantesque
854 2316 1072 2380 lectitabamus.
1112 2317 1159 2377 erat

162 2406 310 2485 siquidem
332 2407 457 2466 materia
479 2405 620 2486 iucunda,
651 2424 706 2466 seu
732 2405 881 2485 nuptiales
904 2405 961 2467 tibi
983 2407 1159 2469 thalamorum

154 2495 240 2556 'iaces
274 2494 340 2556 sive'
367 2495 519 2574 perfossae
549 2497 641 2573 regiis
674 2494 785 2559 ictibus
814 2495 893 2555 serae
926 2495 1158 2558 describerentur·

162 2584 215 2644 sed
243 2584 412 2663 triplicibus
440 2582 589 2644 trochaeis
617 2602 713 2662 nuper
739 2586 771 2644 in
800 2590 929 2644 metrum
956 2579 1157 2663 hendecasyll-

122 2694 147 2733 11
162 2672 233 2732 bum
266 2675 478 2753 compaginatis
506 2673 593 2752 nihil,
625 2691 663 2733 ne
693 2680 744 2733 tuo
776 2673 896 2752 quidem
924 2673 1052 2757 iudicio,
1084 2666 1159 2735 similo

161 2761 267 2822 iecisti.
304 2759 333 2822 2.
358 2762 432 2822 deus
455 2761 542 2842 bone,
565 2761 637 2840 quid
660 2760 721 2822 illic
744 2763 844 2822 inesse
866 2760 944 2822 fellis
964 2761 1078 2842 leporis
1096 2762 1159 2843 prpe·

161 2856 301 2929 rataeque
333 2850 487 2911 facundiae
524 2852 647 2911 minime
679 2852 787 2911 tacitus
819 2848 950 2930 inspexi!
1010 2855 1072 2913 nisi
1100 2839 1159 2930 quil

162 2939 303 2999 ferventis
326 2938 438 3000 tulmen
461 2941 574 3017 ingenii
597 2945 627 3000 et
650 2939 762 3018 eloquii
786 2938 862 3000 salsa
881 2938 1006 3002 libertas
1025 2941 1093 3021 plus
1108 2950 1158 3019 per·

163 3029 244 3086 sonis
267 3028 343 3089 forte
368 3047 457 3107 quam
480 3031 578 3089 causis
598 3027 850 3109 impediebantur3
873 3035 907 3088 ut
930 3029 1006 3090 mihi
1027 3049 1088 3092 non
1103 3028 1159 3104 ugo·

121 3137 148 3177 ao
162 3117 255 3176 ratius
270 3115 456 3178 Constantini
480 3117 600 3178 domum
622 3120 772 3197 vitamque
796 3116 932 3178 videatur
949 3117 999 3179 vel
1016 3117 1159 3198 pupugisti

181 3410 182 3414 Ἰ
235 3346 265 3394 11
286 3339 410 3408 repletas
430 3343 455 3396 T
476 3345 485 3412 ΙΙ
510 3347 542 3396 12
561 3341 628 3396 falsi
646 3341 854 3413 MTlfactum
873 3341 972 3411 LNU,
996 3359 1048 3400 om.
1068 3342 1100 3410 V,
1114 3355 1131 3394 a.
1145 3332 1158 3387 l·

161 3412 225 3466 add.
245 3411 284 3465 M
287 3412 326 3466 ¹T
328 3410 345 3480 ⁸,
363 3414 424 3468 secl.
444 3412 581 3469 Sirosoud.
604 3416 613 3484 ΙΙ
636 3418 670 3468 26
689 3412 766 3468 fellis
784 3413 850 3467 LN
858 3413 924 3482 VT,
943 3413 990 3469 vel
1008 3413 1100 3470 melliti
1114 3403 1158 3466 11

156 3483 220 3539 add
242 3484 289 3554 T’,
308 3482 402 3540 mellis
424 3482 488 3542 011
505 3487 538 3541 a'o
554 3502 610 3542 ros.
626 3485 698 3555 M¹ll
