2414 3864
139 155 184 218 24
511 153 620 208 omna
638 152 782 208 ramus

142 306 282 384 cognosci
310 302 428 364 claritas
455 304 554 364 vitrici
577 305 671 382 magis
696 321 784 382 quam
806 304 901 382 patris
928 303 1051 385 fecerit,
1080 305 1162 366 iden·

141 393 234 454 tidem
256 400 356 454 tamen
378 410 433 472 per
456 392 500 452 fas
523 391 664 471 nefasque
685 409 820 452 crescere
840 392 982 453 affectans
1000 396 1162 473 pecuniae·

143 501 200 562 que
223 500 278 563 per
307 483 459 542 avaritiam
482 499 604 562 parcus,
630 499 686 561 pcr
713 479 857 541 ambitum
880 481 1032 562 prodigus.
1081 500 1162 544 nam-

143 591 199 651 que
231 578 266 632 ut
299 569 426 631 familiae
460 572 609 650 superiori
640 588 695 650 per
726 568 817 630 tiliam
849 569 948 631 saltim
981 589 1162 652 quamquam

116 661 384 723 chonestissimam
420 661 608 740 iungeretur,
645 665 749 719 contra
785 660 915 738 rigorem
947 662 1036 721 civici
1070 663 1163 722 moris

143 749 342 830 splendidam,
374 755 408 809 ut
436 748 550 828 ferunt,
583 748 684 809 dotem
711 747 853 808 Chremes
881 755 985 810 noster
1006 749 1179 831 Pamphilo¹

143 857 197 900 sno
230 838 353 898 dixerat.
399 835 428 900 6.
453 855 580 916 cumque
613 836 650 897 de
683 836 865 917 capessendo
894 837 1064 900 diademate
1094 858 1162 901 con-

143 929 250 988 iuratio
278 925 466 987 Marcelliano
493 933 685 1007 coqueretur,
717 925 862 1006 nobilium
891 928 1042 989 iuventuti
1071 931 1162 1008 signi-

143 1018 240 1078 ferum
263 1033 329 1075 sese
353 1017 384 1075 in
407 1015 535 1076 factione
558 1015 750 1096 praebuerat,
779 1015 867 1075 homo
891 1015 986 1077 adbuc
1010 1035 1109 1078 novus
1131 1019 1162 1078 in

103 1129 129 1168 ιο
144 1112 310 1185 senectute,
348 1104 442 1165 donec
479 1104 635 1183 aliquando
672 1111 795 1184 propter
826 1106 1032 1184 experimenta
1065 1105 1163 1168 felicis

144 1193 283 1255 audaciae
306 1193 448 1254 natalium
472 1196 536 1254 cius
561 1192 736 1254 obscuritati
759 1193 841 1253 dedit
863 1193 975 1254 hiantis
994 1196 1163 1276 interregni

144 1286 219 1344 rima
247 1282 400 1362 fulgorem.
446 1300 515 1343 nam
545 1289 668 1343 vacante
700 1282 765 1343 aula
797 1281 974 1362 turbataque
1007 1283 1163 1364 republica

144 1372 226 1434 solus
250 1375 387 1434 inventus
411 1378 466 1454 est,
490 1373 542 1450 qui
565 1370 600 1432 ad
625 1369 733 1432 Gallias
756 1370 1007 1433 administrandas
1029 1372 1164 1435 fascibus

144 1464 228 1543 prius
253 1480 341 1541 quam
369 1459 513 1522 codicillis
542 1478 632 1521 ausus
660 1461 776 1539 accingi
797 1460 952 1522 mensibus
980 1461 1087 1523 multis
1109 1465 1163 1524 tri-

105 1573 130 1613 15
144 1550 235 1612 bunal
261 1550 433 1611 inlustrium
460 1555 640 1629 potestatum
667 1548 838 1629 spectabilis
860 1550 1029 1629 praelectus
1060 1569 1164 1613 escen·

131 1640 238 1720 deret,
261 1657 338 1700 anno
361 1645 481 1718 peracto
504 1637 627 1699 militiae
651 1645 800 1699 extremae
824 1641 986 1700 terminum
1010 1641 1093 1701 circa
1115 1643 1165 1701 rix

144 1729 316 1802 honoratus,
348 1729 586 1788 numerariorum
618 1745 700 1788 more
734 1745 788 1788 seu
815 1729 915 1807 potius
943 1727 1166 1810 advocatorum,

146 1835 273 1897 quorum
296 1835 365 1877 cum
387 1817 532 1877 finiuntur
555 1817 699 1898 actiones,
726 1822 797 1877 tuuc
819 1818 968 1897 incipiunt
990 1816 1164 1896 dignitates

148 1905 176 1968 7.
200 1908 291 1984 igitur
313 1907 370 1965 iste
395 1907 438 1965 sic
461 1906 685 1986 praefectorius,
708 1907 751 1984 sic
771 1912 898 1988 senator,
922 1907 1013 1967 cuius·
1027 1907 1166 1969 moribus

107 1994 227 2074 acquod
250 1996 408 2074 praeconia
431 1995 629 2074 competentia
651 2012 711 2055 non
735 2013 770 2055 ex
794 2012 860 2055 asse
883 1994 1031 2077 persolvo,
1060 1999 1167 2076 generi

148 2086 195 2145 sni
222 2082 356 2144 moribus
386 2083 494 2164 debeo,
526 2082 688 2144 multorum
714 2083 782 2163 plus
810 2101 898 2163 quam
925 2083 1075 2145 bonorum
1098 2085 1166 2147 odia

148 2175 306 2234 commovit
336 2172 431 2233 adhuc
458 2174 607 2251 ignoranti
629 2172 716 2255 mibi,
748 2172 843 2233 adhuc
871 2175 979 2255 amico,
1011 2180 1166 2255 tamquam

148 2261 265 2324 saeculo
289 2280 356 2322 meo
379 2279 485 2323 canere
510 2260 591 2322 solus
614 2279 703 2323 versu
721 2260 858 2323 valerem.
899 2264 986 2323 venio
1004 2262 1167 2345 Arelatem,

61 2426 64 2431 .
147 2352 190 2414 nil
213 2351 308 2412 adhuc
333 2345 426 2435 (unde
451 2343 566 2434 enim‘f)
591 2352 756 2431 suspicans,
779 2369 966 2430 quamquam·
979 2357 1106 2431 putarer·
1129 2352 1168 2414 ab

109 2461 135 2504 aa
147 2443 276 2502 inimicis
296 2457 355 2500 non
370 2440 532 2520 affupurus,
551 2457 585 2499 ac
602 2441 737 2519 principe
756 2447 824 2518 post
842 2440 921 2500 diem
935 2442 999 2501 viso
1013 2442 1045 2500 in
1065 2441 1167 2502 forum

148 2549 184 2591 ex
207 2548 290 2590 more
314 2529 470 2591 descendo.
517 2528 595 2607 quod
618 2527 671 2588 ubi
693 2530 790 2588 visum
813 2535 867 2610 est,
890 2528 958 2590 ilico
980 2532 1110 2612 expavit,
1132 2537 1169 2591 ut

149 2620 190 2679 ait
216 2618 279 2700 ille,
311 2618 362 2679 nil
395 2618 544 2678 fortiter
575 2635 659 2678 ausa
693 2617 834 2678 seditio.
881 2617 931 2678 alii
960 2624 1061 2678 tamen
1091 2618 1168 2679 mihi

83 2781 86 2786 1
149 2706 216 2787 plus
241 2725 329 2786 mam
352 2707 472 2768 deceret
495 2706 532 2767 ad
556 2724 652 2785 genua
674 2705 819 2788 provolvi3
848 2705 906 2789 alii,
929 2725 967 2768 ne
991 2706 1169 2789 salutarent,

114 2834 116 2839 =
150 2797 252 2874 fugere
275 2802 343 2875 post
366 2803 487 2876 statuas,
511 2794 607 2855 occuli
628 2802 697 2874 post
720 2794 884 2877 columnas3
908 2794 958 2856 alii
979 2798 1084 2857 tristes
1103 2796 1169 2857 vul-

110 2907 137 2948 co
149 2887 288 2964 tuosique
312 2886 422 2946 iunctis
440 2885 514 2945 mihi
532 2883 674 2945 lateribus
693 2884 841 2946 incedere.
884 2883 913 2947 8.
937 2884 986 2946 bic
1005 2903 1070 2967 ego,
1095 2886 1168 2966 quid

223 3098 256 3146 22
275 3090 379 3147 Lucan.
394 3091 429 3160 V,
444 3096 495 3144 322
505 3108 545 3158 sq.

225 3171 238 3216 1
263 3162 370 3216 fecerat
392 3163 568 3228 Wonwereo;
595 3162 641 3216 sed
665 3162 700 3229 cf.
727 3178 766 3232 ep.
786 3162 906 3231 11,e,1
936 3160 982 3216 eui
1008 3162 1142 3218 debuerit
1161 3166 1171 3224 l

152 3237 168 3286 5
184 3250 238 3304 pro
257 3232 420 3302 iungeretur
433 3240 498 3304 post
516 3249 556 3303 sp.
571 3237 589 3288 5
607 3234 624 3286 l.
642 3250 666 3288 o.
686 3249 772 3302 ngere
791 3234 818 3288 L
834 3235 839 3303 Ι
855 3233 965 3304 contre]
986 3235 1101 3289 caetera
1121 3235 1171 3309 011

152 3310 168 3358 8
187 3304 371 3359 marcelliana
392 3305 420 3371 0,
439 3303 611 3358 marcellam.
627 3303 745 3372 LMTp
761 3309 793 3359 15
813 3304 976 3360 escenderet
993 3305 1020 3359 L
1038 3311 1064 3361 et
1082 3310 1138 3376 (pr.
1153 3323 1171 3362 e

152 3393 219 3432 corr.
239 3378 271 3431 iu
290 3392 307 3429 a
325 3376 359 3430 N
360 3375 426 3444 ²)N,
444 3375 608 3431 ascenderet
625 3375 663 3430 M
666 3375 718 3431 OT
734 3379 744 3444 {1
763 3382 795 3430 16
816 3378 958 3431 extremae
976 3374 1101 3432 militiae
1121 3378 1171 3451 Oli

149 3445 503 3592 tantillitati.
515 3447 613 3575 idi·
632 3446 879 3588 dilaturi
893 3446 943 3502 n.
964 3446 1008 3518 ⁰⁰
1022 3455 1056 3504 ²⁸
1076 3448 1170 3505 ²¹⁶¹*

612 3559 618 3573 ·
678 3561 686 3588 ε
