2414 3864
144 129 187 194 68
505 128 614 182 niens
632 129 795 186 nunnius.

143 280 236 340 veluti
258 297 313 359 per
335 278 423 338 horas
446 276 563 338 umbris
586 279 778 340 maestificata
801 280 970 341 larvalibus
1007 288 1096 341 taceo
1120 298 1164 340 re-

144 369 256 448 liquam
289 370 336 428 sni
368 366 476 427 molem
505 369 632 427 vinctam
660 368 790 447 podagra
816 369 999 448 pinguedine
1029 369 1162 430 solutam.

144 466 228 520 taceo
253 456 410 518 cerebrum
433 455 538 516 crebra
561 455 656 517 vibice
675 465 855 539 peraratum,
879 458 958 538 quod
977 477 1086 539 parum
1105 477 1161 520 am-

144 547 223 627 plius
251 549 313 626 tegi
341 552 456 606 constat
485 545 599 625 capillis
627 563 715 625 quam
746 547 944 609 cicatricibus
996 554 1083 608 taceo
1109 566 1160 628 pro

117 636 289 697 sbrevitate
318 637 443 696 cervicis
472 637 592 714 occipiti
621 637 757 714 supinato
786 636 974 716 scapularum
1002 635 1158 698 adhaerere
1201 658 1203 679 ¹

145 725 282 786 confinia.
323 720 351 785 8.
375 732 468 805 taceo,
493 726 562 802 quia
585 724 696 784 decidit
718 724 814 785 honor
837 728 959 806 umeris,
983 725 1077 786 decor
1098 725 1159 786 bra-

146 815 232 896 chiis,
256 813 348 874 robur
371 812 499 874 lacertis.
536 820 620 874 taceo
644 813 824 893 chiragricas
843 833 949 876 manus
968 817 1069 875 unctis
1089 822 1158 876 cata-

145 904 323 983 plasmatum
356 904 462 982 pannis
495 909 645 981 tamqnam
678 903 827 964 caestibus
859 903 1016 965 involutas.
1072 911 1158 983 taceo,

147 992 225 1072 quod
254 991 367 1052 alarum
396 990 543 1070 specubus
571 991 698 1051 hircosis
727 999 814 1072 atque
842 991 1051 1054 acescentibus
1074 992 1159 1054 latera

107 1101 133 1140 ιο
149 1083 263 1160 captiva
294 1080 418 1141 vallatus
450 1098 538 1140 nares
569 1081 840 1142 circumsedentum
867 1081 1009 1143 ventilata
1038 1081 1158 1162 duplicis

148 1171 319 1249 Ampsancti
346 1175 430 1248 peste
458 1169 596 1230 funestat.
642 1176 726 1231 taceo
754 1171 862 1232 fractas
889 1170 1022 1250 pondere
1047 1174 1159 1232 arvinae

147 1263 245 1320 iacere
269 1277 411 1319 mammas
436 1276 569 1337 quasque
593 1258 712 1319 foedum
732 1265 811 1320 esset
829 1262 861 1320 in
879 1267 1002 1339 pectore
1021 1261 1102 1321 virili
1119 1258 1159 1320 vel

147 1351 327 1429 prominere,
350 1348 403 1408 has
427 1355 460 1409 ut
483 1347 576 1408 ubera
598 1355 732 1408 materna
756 1349 909 1410 cecidisse.
948 1356 1033 1410 taceo
1053 1352 1160 1411 ventris

147 1438 251 1498 inflexi
277 1436 423 1516 pendulos
452 1454 551 1497 casses
575 1438 653 1516 parti
676 1436 864 1519 genitalium,
892 1439 963 1517 quia
986 1438 1092 1520 debili,
1119 1439 1160 1498 bis

108 1546 134 1587 15
149 1527 305 1606 pudendae
325 1525 462 1605 turpibus
483 1527 565 1604 mgis
584 1528 702 1605 turpius
721 1527 865 1606 praebere
883 1526 1027 1588 velamen.
1059 1525 1088 1589 9.
1107 1531 1161 1589 iam

149 1615 221 1695 quid
244 1615 293 1676 hic
316 1622 435 1693 tergum
454 1616 628 1693 spinamque
648 1612 901 1677 commemorem?
934 1615 971 1676 de
991 1619 1079 1677 cuius
1097 1617 1163 1678 licet

149 1704 387 1765 internodiorum
419 1703 573 1764 fomitibus
606 1723 766 1784 erumpens
799 1723 896 1765 arcam
926 1708 1059 1784 pectoris
1087 1712 1162 1766 texat

149 1801 307 1854 curvatura
330 1799 489 1873 costarum,
514 1799 575 1853 tota
599 1793 792 1854 nihilominus
816 1794 889 1854 haec
912 1796 1027 1854 ossium
1051 1813 1163 1856 ramosa

150 1900 291 1961 compago
316 1880 370 1942 sub
395 1899 454 1941 uno
477 1881 558 1942 velut
581 1883 758 1943 exundantis
778 1882 944 1943 abdominis
962 1883 1069 1963 pelago
1088 1885 1163 1945 latet.

109 1992 136 2031 no
149 1979 234 2031 taceo
258 1969 428 2030 lumborum
446 1970 662 2050 corpulentiam
681 1971 882 2052 cluniumque,
906 1973 954 2032 cui
974 1974 1163 2035 crassitudini

150 2067 319 2138 comparata
346 2065 485 2119 censetur
513 2059 594 2121 alvus
623 2060 717 2121 exilis.
754 2068 837 2121 taceo
865 2060 963 2121 lemur
991 2062 1111 2124 aridum
1133 2081 1162 2122 ac

149 2149 288 2230 pandum,
308 2166 403 2228 genua
422 2155 503 2208 vasta
516 2149 644 2228 poplites
659 2149 810 2230 delicatos,
829 2168 917 2210 crura
932 2167 1042 2212 cornea
1056 2155 1162 2213 vitreos

149 2238 238 2319 talos,
270 2255 377 2318 parvos
410 2237 519 2316 digitos
551 2239 643 2317 pedes
677 2239 813 2318 grandes
865 2257 994 2319 cumque
1033 2240 1163 2302 distortis

150 2328 271 2388 horreat
289 2330 330 2388 ita
348 2326 531 2387 liniamentis
549 2345 662 2406 perque
681 2326 876 2407 multiplicem
895 2328 1101 2407 pestilentiam
1119 2348 1164 2391 ex·

111 2435 137 2476 11
152 2419 271 2496 sanguis
296 2418 514 2495 semivivusque
538 2435 594 2477 nec
617 2423 751 2495 portatus
776 2416 877 2477 sedeat
903 2435 959 2477 nec
983 2425 1163 2480 sustentatus

151 2506 278 2587 incedat,
301 2504 401 2566 verbis
424 2512 524 2565 tamen
547 2513 593 2565 est
615 2505 665 2565 ille
690 2523 778 2584 quam
800 2504 943 2566 membris
962 2507 1164 2569 execrabilior.

153 2591 203 2657 10.
233 2613 302 2655 nam
334 2612 511 2673 quamquam
544 2597 662 2674 pruritu
689 2593 803 2654 laborat
831 2596 979 2655 sermonis
1008 2596 1165 2676 inhonesti,

151 2693 251 2745 tamen
268 2692 463 2764 patronorum
486 2690 532 2743 est
549 2685 708 2762 praecipue
728 2683 875 2744 cavendus
896 2685 1022 2765 annania,
1042 2702 1166 2765 quorum

152 2780 198 2834 est
220 2773 355 2834 laudator
378 2775 409 2832 in
432 2774 600 2852 prosperis,
623 2772 736 2833 delator
759 2775 791 2832 in
814 2771 928 2854 dubiis3
957 2779 987 2833 11
1010 2775 1037 2834 si
1062 2776 1098 2836 ad
1122 2793 1165 2834 oc-

112 2882 138 2921 so
152 2862 229 2922 culta
253 2861 443 2922 familiarium
467 2860 644 2941 publicanda
667 2863 811 2940 temporis
831 2864 906 2921 ratio
926 2860 1078 2946 sollicitet,
1101 2881 1165 2925 mox

225 3072 242 3120 4
260 3068 322 3139 pro]
340 3085 409 3138 prae
426 3068 493 3122 MT
504 3071 513 3138 ΙΙ
529 3073 562 3121 10
581 3067 835 3122 circumsedentum
849 3069 944 3139 LVT,
963 3071 1167 3126 circumseden-

154 3138 226 3193 tium
247 3141 342 3208 (prior.
363 3156 378 3193 e
397 3157 465 3195 corr.
484 3141 516 3194 io
535 3138 545 3192 i
562 3139 672 3208 MUM,
690 3139 939 3194 circumsidentum
955 3141 1048 3212 01114
1066 3141 1166 3212 partim

154 3210 224 3279 Mu,
243 3208 319 3279 parti
336 3212 368 3265 c'n
386 3210 491 3280 partim
509 3227 577 3265 corr.
596 3211 632 3265 Tr
658 3215 661 3280 Ι
687 3210 776 3264 debili
794 3210 839 3265 bis
857 3212 897 3274 L.
917 3211 1061 3269 debilibus
1080 3212 1168 3268 MOT

154 3283 163 3354 11
182 3287 216 3335 17
237 3297 330 3336 arcam
351 3281 378 3349 0,
399 3297 493 3335 aream
512 3282 610 3336 LMT
618 3282 645 3337 V
664 3285 673 3349 ss
701 3287 734 3335 18
753 3299 868 3336 ossuum
892 3283 985 3338 VMT
1003 3285 1050 3352 (cf.
1072 3284 1165 3341 Claud.

155 3353 241 3409 Mam.
257 3371 287 3423 p.
303 3355 347 3422 72,
363 3359 388 3407 9.
407 3357 470 3420 174,
484 3357 523 3407 24
532 3353 580 3420 E.)
609 3354 619 3422 ΙΙ
646 3359 679 3407 21
699 3353 745 3424 ac]
770 3354 798 3407 et
817 3353 855 3407 M
877 3356 887 3423 ΙΙ
915 3359 948 3409 ‘26
968 3355 1166 3411 1111111111-

150 3426 267 3494 peltana,
287 3422 393 3478 sentiet
410 3423 513 3493 LMT,
538 3424 647 3478 senciat
667 3424 691 3480 G
713 3428 723 3495 ΙΙ
750 3429 784 3479 28
804 3425 918 3482 dubium
936 3429 998 3481 tum
1015 3445 1055 3482 aas
1073 3430 1164 3483 tamen

151 3496 189 3565 It}
212 3499 271 3550 tum
290 3495 416 3552 LMOT
426 3498 437 3568 ΙΙ
451 3502 484 3550 29
505 3495 547 3568 ab]
568 3498 597 3551 et
616 3497 817 3567 Luctjobannll
