2414 3864
494 25 645 83 CARMEN
664 41 737 84 Ars.

573 242 661 309 XVI.

241 365 497 423 nuonmrsuou
515 365 566 420 ao
584 364 757 422 rausruu
767 335 991 423 ¹musooeuu.

241 481 392 543 Phoebum
415 487 445 541 et
466 487 514 541 ter
536 486 638 540 ternas
661 479 777 540 decima
799 499 868 542 cum
888 480 1007 543 Pallade
1025 478 1152 542 itu

197 571 372 650 Orpheaque
396 576 427 630 et
448 568 566 630 laticem
589 567 760 630 simulatum
783 567 875 631 fontis
899 573 1004 651 equini

197 660 396 739 Ogygiamque
420 656 539 740 chelyn,
562 675 637 736 quae
661 675 732 718 saxa
755 661 897 738 sequacia
920 659 1042 722 flectens
1089 676 1152 719 ε

196 747 332 809 cantibus
355 749 468 808 auritos
491 748 587 807 erexit
609 748 740 807 carmine
763 765 882 829 muros,

162 851 178 898 o
198 855 319 917 sperne,
342 836 424 916 fidis3
447 837 541 915 magis
563 833 612 895 ille
636 837 704 896 reni
727 853 807 897 nunc
831 838 973 920 spiritum,
995 856 1044 900 oro
1063 856 1152 899 o«

196 926 367 1004 pontificem
391 925 506 985 dicture
529 931 615 985 tuum
621 970 631 1006 ,
659 926 712 1004 qui
732 924 855 1004 pectora
872 928 994 1006 priscae

196 1016 316 1075 intrasti
338 1014 462 1094 Mariae,
485 1015 605 1092 rapiens
628 1031 697 1074 cum
719 1019 859 1092 tympana
883 1017 984 1077 siccus

196 1102 288 1164 lsrael
311 1105 436 1182 appensi
459 1120 513 1181 per
536 1120 662 1163 concava
684 1104 811 1181 gurgitis
834 1105 896 1165 iret

197 1192 355 1271 aggeribus
377 1190 501 1252 vallatus
524 1208 616 1270 aquae
638 1191 812 1270 mediasque
835 1211 893 1271 per
915 1193 1023 1255 undas·

145 1295 177 1343 10
196 1280 400 1361 pulverulenta
422 1286 507 1341 tuum
529 1279 670 1341 clamaret
691 1279 778 1341 turha
796 1281 998 1364 triumphum3

196 1372 306 1450 quique
329 1387 450 1430 manum
472 1368 571 1430 ludith
589 1361 745 1430 ferientem
769 1368 845 1430 colla
867 1369 1019 1433 Olofernis

196 1461 310 1542 iuristi,
332 1460 432 1519 exciso
456 1459 547 1519 iacuit
570 1476 638 1518 cum
661 1464 780 1537 gutture
802 1465 932 1521 truncus

195 1557 225 1610 et
247 1547 360 1627 lragilis
383 1546 479 1608 valido
503 1546 588 1607 latuit
609 1545 687 1608 hene
711 1552 802 1608 sexus
825 1549 858 1608 in
882 1551 960 1630 ictu3

194 1655 335 1716 expresso
359 1635 406 1696 vel
430 1637 481 1715 qui
504 1634 657 1714 complens
679 1634 717 1697 de
742 1634 852 1697 vellere
876 1636 994 1717 pelvem

144 1740 175 1787 to
194 1727 390 1804 inficiensque
413 1725 524 1785 dehinc
548 1742 608 1784 uon
630 1731 708 1785 tacto
732 1720 844 1786 vellere
868 1732 981 1788 terram

195 1816 319 1875 firmasti
342 1813 493 1894 Gedeona,
516 1812 596 1874 tubis
620 1815 733 1874 inserte
756 1816 875 1875 canoris

194 1905 331 1984 spiritus,
353 1910 384 1963 et
407 1901 469 1962 solo
492 1903 574 1962 venit
596 1903 720 1962 victoria
743 1909 848 1984 cautu3

193 1994 303 2071 quique
327 1993 414 2052 etiam
438 1991 627 2070 adsumptum
649 1993 786 2070 pecorosi
809 1990 846 2052 de
870 2009 962 2072 grege
983 1991 1085 2058 lesse

195 2081 301 2142 afflasti
324 2098 439 2160 regem,
461 2078 593 2159 plaustro
616 2098 683 2140 cum
708 2080 838 2141 foederis
859 2099 960 2142 arcam

140 2185 173 2232 20
192 2173 348 2249 imponens
371 2169 465 2229 hostis
488 2167 570 2228 nullo
593 2168 765 2229 moderante
788 2168 918 2231 bubulco

191 2259 331 2338 proderet
354 2256 533 2317 obscaenum
556 2260 688 2336 turgenti
710 2258 815 2336 podice
839 2258 990 2338 morbum;

193 2349 303 2426 quique
326 2348 418 2408 trium
440 2346 588 2424 quondam
611 2363 772 2425 puerorum
794 2348 827 2406 in
851 2347 936 2408 lauce
959 2349 1067 2429 sonasti,

194 2454 268 2515 quos
293 2438 323 2496 in
347 2433 485 2495 Chaldaei
507 2437 620 2513 positos
644 2435 763 2495 fornace
787 2439 907 2514 tyranni

193 2524 309 2585 roscida
332 2522 486 2584 combusto
509 2523 667 2584 madefecit
689 2523 806 2584 llamma
830 2527 959 2604 camin03

140 2627 174 2675 25
194 2615 304 2692 quique
327 2611 505 2673 volubilibus
530 2615 706 2692 spatiantem
729 2612 876 2674 tractibus
900 2613 955 2675 alvi

194 2701 349 2782 complesti
371 2701 485 2782 lunam,
508 2709 648 2762 resonant
671 2702 741 2762 dum
764 2703 880 2763 viscera
903 2698 1015 2763 monstri

146 2792 151 2801 '
195 2793 358 2852 introrsum
381 2790 525 2870 psallente
548 2790 615 2851 cibo
638 2789 684 2850 vel
707 2791 839 2870 pondera
861 2793 971 2853 ventris

199 2882 292 2940 ieiuni
315 2880 453 2960 plenique
476 2887 576 2940 tamen
598 2886 663 2940 vate
687 2881 863 2940 intemerato

197 2975 294 3029 ructat
316 2969 407 3030 cruda
431 2969 536 3049 sames,
559 2986 648 3048 quem
671 2967 904 3047 singultantibus
928 2969 996 3030 extis

143 3069 177 3118 30
197 3058 333 3118 esuriens
355 3059 468 3118 vomuit
491 3076 636 3136 suspenso
659 3056 746 3118 belua
768 3075 885 3139 morsu3

175 3244 240 3300 XVI
256 3245 319 3312 scot.
338 3244 554 3300 Eucharisticon
577 3243 778 3316 (Euchariston
796 3246 835 3316 P,
862 3244 1018 3301 Euceriscon

103 3333 153 3374 om.
172 3316 206 3388 0,
228 3314 455 3372 Eucharistioum
475 3318 567 3389 uolgo]
590 3321 601 3387 u
620 3322 654 3372 14
671 3316 783 3386 pelvem
802 3319 987 3388 Iacetjoiiam3
1004 3325 1025 3381 p

95 3391 177 3450 tndd.
193 3395 203 3466 t
