2414 3864
147 141 188 206 78
501 139 611 193 cmnn
630 139 806 207 croesus.

145 291 316 351 devinctum
348 290 438 351 verbo
475 292 631 369 quaepiam
663 290 792 350 cavenda
823 291 1046 352 mandaveram:
1083 292 1144 352 dict

144 383 280 459 paruisse
303 398 356 440 vos
379 380 501 458 gaudeo.
534 379 682 458 siquidem
705 379 904 458 prudentibus
924 380 1093 442 cordacitus
1115 383 1144 441 in

145 471 235 530 situm
254 477 300 530 est
318 471 413 528 vitare
432 469 563 549 fortuita,
587 470 664 528 sicut
682 467 786 528 itidem
805 468 977 549 absurdum,
1001 472 1029 530 si
1048 473 1142 549 coepti

144 558 304 619 audacibus
332 558 506 618 adversetur
533 564 670 638 eventus,
697 575 878 637 consurgere
903 561 934 618 in
958 561 1141 637 querimonia

116 655 173 708 cet
204 647 440 709 inconsultarum
473 647 703 725 dispositionum
734 646 896 725 culpabiles
924 650 1023 708 exitus
1052 648 1088 709 ad
1115 651 1144 708 in

143 738 277 799 lamanda
301 754 424 797 casuum
447 738 562 796 incerta
585 743 767 796 convertere.
804 734 832 796 2.
858 733 1016 816 ‘quorsum
1035 734 1144 798 istaec‘l

142 830 194 888 ais.
226 827 321 886 fateor
344 844 391 885 me
415 827 505 885 nimis
528 827 664 906 veritum,
687 843 725 885 ne
748 831 882 904 tempore
906 829 1025 887 timoris
1048 826 1144 906 public

141 934 202 977 non
225 918 348 976 timeres
371 922 401 974 et
425 913 535 974 solidae
560 914 665 974 domus
689 913 725 974 ad
748 914 805 975 hoc
828 917 893 975 aevi
916 918 1095 976 inconcussa
1113 933 1143 976 se

142 1007 253 1065 curitas
277 1003 312 1064 ad
332 1010 550 1081 tempestuosos
568 1003 700 1063 hostium
718 1006 858 1064 incursus
876 1023 931 1084 pro
950 1006 1144 1084 Intempestiu¹

101 1111 128 1151 1o
141 1093 296 1154 devotione
324 1093 488 1171 trepidaret
516 1093 727 1171 inchoaretque
747 1093 833 1172 'apud
857 1096 1027 1154 animorum
1050 1101 1142 1155 matro

140 1181 253 1243 nalium
271 1182 504 1243 teneritudinem
523 1181 706 1242 sollemnitas
725 1185 855 1261 expetita
873 1183 1031 1244 vilescere:
1056 1202 1144 1263 quam

141 1290 228 1352 quam
248 1274 280 1333 in
297 1271 469 1351 pectoribus
489 1271 650 1331 earundem
669 1273 710 1331 ita
731 1270 789 1331 sibi
808 1274 848 1331 sit
866 1273 995 1350 genuina
1016 1275 1144 1333 sanctita:

138 1361 288 1441 peculiare
311 1367 420 1421 metata
448 1359 644 1442 domicilium,
671 1367 717 1441 ut,
746 1362 771 1420 si
800 1361 871 1440 quid
895 1379 982 1421 secus
1006 1360 1144 1423 viantibus

139 1451 305 1532 accidisset,
328 1450 489 1510 laetaturae
511 1449 623 1510 luerint
642 1449 789 1528 quoddam
809 1468 840 1510 se
859 1468 914 1529 pro
933 1459 1065 1530 martyre
1084 1451 1144 1511 tole

100 1557 124 1598 15
139 1558 221 1600 rasse
245 1541 428 1618 martyrium.
462 1546 506 1598 ast
526 1557 589 1617 ego,
613 1541 662 1599 cui
680 1540 823 1598 maiorem
842 1539 1040 1599 diffidentiam
1059 1542 1144 1599 minor

139 1631 309 1690 innocentia
337 1629 419 1708 lacit,
453 1645 543 1706 super
574 1627 631 1687 hoc
664 1626 801 1706 ambiguo
835 1625 1000 1688 sententiae
1030 1630 1144 1689 cautior

137 1717 280 1778 libentius
313 1717 491 1777 adhaeresco
524 1735 580 1777 nec
613 1716 773 1778 difficulter
805 1717 936 1796 applicor
969 1719 1060 1778 etiam
1094 1724 1144 1777 tut

137 1806 347 1867 metuentibus.
394 1804 423 1868 3.
452 1805 577 1884 proinde
605 1806 716 1867 lactum
742 1805 819 1867 bene
848 1814 906 1886 est,
938 1806 1018 1885 quod
1047 1825 1144 1886 anccpt

137 1898 196 1956 iter
224 1894 383 1956 salubriter
412 1895 571 1955 distulistis
594 1913 690 1974 neque
714 1898 792 1957 intra
815 1897 926 1956 iactum
948 1902 1050 1956 tantae
1074 1895 1144 1956 aleat

97 1991 232 2045 testatus
255 1991 353 2045 tantae
382 1983 508 2044 familiae
537 1984 600 2044 luit.
648 1991 677 2044 et
700 1985 771 2045 licet
793 1986 930 2045 inchoata
951 1986 999 2044 via
1024 1987 1144 2063 potueri

136 2075 317 2154 prosperari,
340 2091 394 2151 ego
418 2081 518 2133 tamen
540 2073 711 2134 huiusmodi
735 2073 859 2134 consilio
884 2073 983 2134 album
1007 2074 1144 2134 calculun

135 2165 258 2224 minime
277 2180 432 2245 apponam,
456 2164 541 2224 cuius
559 2165 713 2223 temeritas
732 2162 844 2223 absolvi
862 2165 967 2242 nequit
984 2164 1047 2223 nisi
1065 2162 1144 2223 bcne

135 2254 202 2314 ficio
231 2253 390 2313 felicitatis.
436 2250 518 2312 dabit
546 2252 667 2330 quidem
695 2252 764 2312 talia
792 2259 859 2312 vota
886 2251 1027 2312 divinitas
1056 2253 1144 2331 dignit

136 2342 325 2403 successibus
348 2343 518 2420 promoveri
540 2340 701 2419 licebitque
726 2342 821 2402 adbuc
840 2342 982 2402 horumce
1000 2348 1144 2402 terroruu

94 2447 120 2488 aa
135 2430 189 2491 sub
221 2433 303 2510 pacis
332 2433 509 2491 amoenitate
537 2432 723 2512 meminisse3
757 2430 808 2490 sed
836 2431 1006 2509 praesentia
1040 2430 1144 2491 faciunt

134 2527 245 2601 cautos,
269 2538 343 2600 quos
367 2518 510 2580 videbunt
533 2519 633 2579 lutura
652 2537 782 2579 securos.
815 2517 844 2580 4.
869 2521 991 2579 interim
1011 2518 1049 2579 ad
1068 2537 1144 2599 prac-

134 2627 203 2670 sens
231 2612 348 2688 apicum
376 2607 491 2669 oblator
517 2607 624 2669 damna
647 2607 705 2668 sibi
731 2611 887 2688 quaepiam
909 2627 964 2687 per
987 2606 1144 2669 Genesium

132 2698 265 2758 vestr'um
288 2697 401 2757 inllicta
425 2699 563 2776 suspirat.
601 2699 627 2757 si
650 2699 797 2776 perspicis
821 2716 837 2757 a
860 2715 930 2758 vero
954 2714 1016 2758 non
1039 2697 1144 2758 disere·

132 2805 203 2864 pare
229 2788 454 2866 querimoniam,
478 2784 586 2867 tribue,
610 2804 729 2868 quaeso,
753 2788 941 2847 convincenti
964 2785 1144 2847 reformatio·

92 2890 119 2931 so
134 2892 216 2956 nem,
243 2877 402 2954 peregrino
427 2874 619 2935 celeritatem.
661 2877 779 2935 sivero
804 2874 982 2936 calumniam
1004 2873 1144 2953 plectibili

203 3086 218 3134 2
238 3081 397 3135 cordacitus
416 3087 445 3148 (a
463 3098 532 3136 corr.
551 3083 584 3135 ie
601 3080 674 3135 iM‘
680 3081 800 3152 T²)LN
801 3083 836 3136 M
841 3083 872 3150 Τ,
892 3080 1048 3136 cordicitus
1065 3081 1144 3138 GPF

131 3152 139 3220 tl
158 3158 174 3207 6
194 3150 283 3207 istaec
301 3153 340 3220 L,
364 3151 420 3207 istu
438 3152 490 3206 hec
510 3152 552 3221 N,
575 3151 633 3205 istc
651 3152 722 3206 haec
741 3153 817 3223 MT,
840 3154 911 3207 haec
929 3156 991 3222 (om.
1010 3152 1080 3221 istc)
1101 3152 1142 3224 01

130 3229 147 3278 8
166 3221 305 3277 timeretis
331 3224 361 3279 F
385 3226 395 3293 ll
424 3230 454 3277 11
471 3231 536 3294 post
559 3222 686 3293 expetite
708 3225 920 3280 Wilomowitzio
942 3225 1051 3279 blatum
1074 3241 1144 3279 moo-

128 3302 234 3351 otrantc
256 3296 321 3350 odd.
340 3294 481 3349 valescere
500 3294 610 3350 itineris
634 3294 787 3350 difficultas
807 3295 943 3364 despecta
960 3296 1144 3364 Loeojotaoo,

128 3371 271 3422 coercete
298 3368 307 3436 ΙΙ
335 3371 370 3419 24
388 3365 541 3434 licebitque
560 3366 595 3420 N
598 3365 655 3435 OT,
681 3365 837 3435 libebitque
856 3367 883 3420 L
901 3372 926 3421 et
944 3373 1059 3435 praeter
1076 3366 1098 3420 li
1115 3368 1144 3420 ia

128 3456 183 3494 ras.
199 3438 317 3507 M1q25
337 3437 398 3508 sed]
418 3437 443 3490 si
463 3437 487 3492 0
496 3440 506 3508 ΙΙ
521 3442 553 3492 28
573 3439 700 3491 nostrum
718 3446 800 3494 (corr.
818 3440 850 3493 in
868 3439 994 3492 vestrum
1013 3435 1144 3506 dmm

116 3509 278 3581 JVMOPJJ
288 3516 324 3566 29
344 3507 438 3567 tribue
458 3526 529 3567 corr.
549 3527 582 3567 cc
599 3508 691 3566 tribui
710 3509 757 3580 Pl,
771 3508 863 3565 tribui
880 3508 1060 3580 dumont
