2414 3864
440 135 591 190 CARMEN
610 134 644 191 V.
983 137 1049 202 273

119 285 258 364 algentes
283 286 361 363 cogit
384 296 497 345 turmas
522 305 555 346 ac
579 286 688 365 frigora
712 287 804 368 ridet,

121 375 197 435 dum
221 373 302 434 solus
325 373 391 453 plus
415 380 514 434 mente
538 375 621 436 calet.
668 394 735 436 eum
759 375 882 436 classica
906 377 986 453 regis

76 468 91 516 5
119 464 226 524 Arctoi
250 481 407 543 sequerer,
429 463 555 523 Romani
578 467 722 543 principis
746 482 827 524 arma

121 552 361 631 Caesareumque
384 551 478 612 larem
501 552 574 613 luxu
597 560 716 632 torpere
739 554 866 632 perenni

122 641 292 702 audieram:
316 641 452 701 dominos
475 640 517 700 nil
539 641 661 720 prodest
684 644 744 702 isse
767 643 897 721 priores,

122 732 150 791 si
174 747 227 790 rex
249 729 298 790 hic
322 747 440 808 quoque
464 730 549 790 fortis
573 727 656 791 eret'
702 733 814 791 maiora
837 736 990 810 parantem

123 819 225 879 dicere
250 818 285 879 de
314 818 435 898 scopulo
459 818 558 878 verbis
582 820 720 880 accendis
744 822 866 880 amaris:

76 912 107 965 to
124 903 274 986 ‘quisquis
298 925 344 988 es,
368 909 496 986 oppositi
519 911 627 968 metuis
652 911 704 988 qui
726 907 840 969 lubrica
864 907 945 989 clivi,

124 997 228 1075 frange
252 1001 350 1056 cutem
373 996 531 1075 pendentis
555 1015 647 1076 aquae
672 997 843 1077 scalptoque
867 997 979 1058 fluento

125 1087 164 1146 sit
185 1085 241 1145 tibi
263 1084 381 1164 lympha
405 1085 522 1163 gradus.
567 1092 670 1165 turpes
693 1087 807 1165 depone
832 1086 982 1165 querelas:

125 1176 183 1234 otia
207 1173 300 1252 frigus
324 1172 442 1234 habeut.
487 1174 632 1253 numquid
659 1175 734 1234 mihi
755 1174 889 1235 membra
911 1175 1047 1236 biformis

124 1261 226 1341 Hylaei
249 1269 355 1323 natura
378 1260 481 1323 dedit?
522 1281 594 1323 num
617 1263 746 1342 Pegasus
770 1263 824 1323 alis

79 1362 108 1410 45
125 1352 249 1432 adiuvit,
273 1351 415 1430 quicquid
438 1352 570 1433 gradior,
592 1370 764 1431 pennasque
788 1351 898 1412 volanti

125 1440 173 1500 dat
197 1439 292 1501 Calais
315 1439 463 1519 Zetusque
486 1441 572 1521 mihi,
596 1459 685 1520 quem
708 1441 849 1519 ninguida
872 1442 971 1501 cernis

125 1528 287 1590 calcantem
310 1531 369 1589 iam
393 1530 480 1590 dorsa
503 1527 586 1608 iugi?
631 1548 683 1590 vos
707 1531 814 1608 frigora
839 1529 991 1610 frangunt,

125 1636 176 1678 vos
199 1615 312 1697 Alpes?
357 1621 416 1679 iam
439 1621 498 1679 iam
522 1619 656 1680 studeam
679 1636 805 1698 pensare
827 1620 964 1697 pruinas:

125 1713 266 1768 aestatem
290 1706 344 1768 suh
369 1708 454 1788 Syrte
478 1705 574 1768 daho'
612 1711 655 1768 sic
678 1709 795 1786 agmina
817 1724 888 1767 voce

78 1807 107 1856 50
126 1798 218 1874 erigis
241 1795 435 1876 exemploque
459 1797 538 1857 levas
561 1799 735 1876 primusque
759 1795 875 1856 labores

124 1885 308 1966 aggrederis,
331 1903 533 1965 quoscumque
557 1885 655 1966 iubes,
678 1892 743 1946 tum
766 1891 864 1946 cetera
886 1892 971 1964 paret

124 1973 211 2034 turha
234 1972 343 2055 libens,
368 1977 458 2034 servit
480 1977 610 2054 propriis
634 1992 701 2036 cum
724 1973 840 2053 legibus
863 1983 974 2035 auctor.

169 2062 228 2134 Qui
250 2061 306 2123 tihi
327 2071 482 2142 praeterea
506 2066 629 2124 comites
653 2071 840 2143 quantusque
862 2066 1004 2141 magister

125 2151 261 2232 militiae,
284 2159 416 2212 vestrum
438 2159 506 2231 post
528 2170 580 2212 vos
604 2155 655 2230 qui
679 2151 822 2231 compulit
845 2170 962 2233 agmen,

75 2250 105 2300 55
125 2241 175 2300 sed
200 2258 261 2300 non
283 2238 421 2301 invitum!
463 2241 583 2320 diguus,
607 2244 656 2301 cui
679 2241 800 2301 cederet
822 2243 875 2300 uni

124 2329 202 2408 Sylla
225 2331 303 2410 acie,
326 2332 413 2408 genio
437 2328 559 2410 Fabius,
582 2332 691 2410 pietate
714 2328 864 2409 Metellus,

123 2417 235 2497 Appius
259 2418 390 2500 eloquio,
412 2421 441 2477 vi
465 2418 598 2499 Fulvius,
622 2426 685 2478 arte
710 2416 859 2478 Camillus.

124 2509 151 2566 si
172 2506 375 2586 praefecturae
399 2515 526 2585 quantus
549 2508 720 2568 moderetur
742 2507 886 2567 honorem

122 2598 167 2656 vir
191 2614 328 2677 quaeras,
350 2592 446 2657 tendit
467 2596 583 2676 patulos
607 2615 664 2675 qua
687 2595 779 2656 Gallia
798 2596 886 2676 fineS,

77 2693 105 2744 60
124 2686 172 2744 vix
194 2684 298 2745 hahuit
320 2703 420 2746 mores
444 2685 571 2766 similes,
594 2687 643 2746 cui
666 2690 742 2745 teste
767 2690 872 2744 senatu

122 2776 152 2834 iu
177 2791 208 2834 se
233 2776 321 2834 etiam
344 2776 685 2835 tractum.commiserat
706 2772 811 2853 Ulpius
836 2790 946 2833 ensem.

122 2864 174 2942 qui
197 2862 289 2923 dictat
310 2863 398 2923 modo
422 2865 487 2924 iura
511 2862 606 2944 Getis,
631 2863 685 2923 suh
709 2863 807 2922 iudice
830 2867 929 2922 vestro

121 2950 242 3031 pellitus
265 2971 369 3013 ravum
392 2970 569 3032 praeconem
594 2954 719 3031 suscipit
736 2951 840 3011 hostis.

122 3041 193 3120 quid
216 3040 321 3120 loquar
344 3042 392 3101 hic
416 3041 512 3121 illum,
537 3043 588 3119 qui
612 3043 720 3101 scrinia
745 3059 828 3100 sacra
852 3039 1014 3122 gubernat,

76 3132 103 3189 15
123 3132 187 3210 qui,
211 3148 279 3190 cum
303 3131 398 3191 civilis
422 3130 575 3209 dispenset
597 3132 691 3208 partis
714 3128 870 3210 habenas,

105 3360 156 3409 537
175 3353 244 3426 1333]
264 3355 345 3408 desse
364 3355 402 3408 M
412 3357 422 3423 ll
437 3358 488 3409 538
507 3373 546 3410 on
568 3353 639 3407 erit?
658 3354 836 3423 [3311353333
892 3358 943 3407 546
962 3351 1046 3424 mihi]

76 3439 100 3478 »s
119 3425 156 3478 M
175 3427 184 3494 ΙΙ
207 3430 259 3480 548
277 3424 393 3495 pruinas
412 3427 503 3498 culpo,
521 3424 616 3479 ruinas
635 3427 711 3480 codd.
736 3429 746 3496 ΙΙ
768 3429 820 3480 558
839 3426 976 3494 quantum
994 3424 1023 3478 P
1038 3425 1048 3496 ll

76 3520 79 3534 ·
104 3513 219 3551 raucum
238 3499 282 3562 ΤΙ
299 3495 417 3566 suspicit
435 3498 474 3552 M
477 3497 521 3572 ΤΙ
535 3496 640 3570 hospes
660 3496 723 3569 Mil

81 3593 250 3635 Apenninum
264 3597 299 3636 ed,
312 3597 340 3637 M
344 3597 402 3639 ohr.
877 3589 917 3637 Ἢ
