2414 3864
138 174 181 239 70
490 151 599 229 Lmen
618 175 796 241 odierno.

136 323 216 383 hunc
245 324 365 384 modum
394 326 518 385 scientia
545 343 653 404 pompa
684 328 851 404 proprietas
884 324 1003 404 linguae
1032 325 1078 385 Lat

136 413 257 473 iudiciis
286 416 450 474 otiosorum
477 416 605 474 maximo
634 416 748 493 spretui
776 421 834 494 est,
863 432 991 493 quorum
1020 433 1078 475 scu]

136 504 191 562 tati
223 502 409 581 neglegentia
437 521 537 563 comes
565 503 622 563 hoc
649 503 751 563 rolens
784 509 899 564 tantum
926 503 1041 585 legere,
1073 525 1078 561 t

137 598 247 671 carpat,
271 593 314 652 sic
336 610 397 652 non
420 594 515 652 utitur
538 591 655 672 litteriS,
679 592 758 670 quod
781 591 922 652 abutitur.
960 592 1033 653 vale.

182 1125 274 1199 cal
303 1125 480 1198 SOLLII
508 1124 871 1197 APOLLINARIS
902 1125 1078 1199 SIDONl

448 1266 836 1340 EPISTULARUM

485 1444 597 1506 LIBER
620 1444 801 1516 QUARTUS.

633 1636 657 1702 I.

107 1774 120 1815 5
346 1758 513 1813 SIDONIUS
532 1757 652 1813 PROBO
672 1758 741 1813 SUO
761 1759 938 1816 SALUTEM.

202 1868 229 1932 1.
256 1871 348 1931 Soror
370 1871 444 1932 mihi
467 1890 542 1951 quae
566 1891 641 1933 uror
664 1872 731 1933 tibi:
760 1873 829 1933 hinc
853 1875 1011 1933 internos
1036 1892 1078 1934 sm

135 1968 164 2021 et
193 1960 366 2039 principalis
395 1961 598 2042 necessitudo,
631 1969 660 2022 et
688 1980 722 2021 ea
750 1962 870 2040 quidem
899 1962 1060 2044 patruelis,

134 2067 274 2129 germana
293 2049 472 2130 fraternitas,
497 2069 571 2129 quae
590 2050 767 2130 plerumque
787 2070 819 2110 se
838 2053 943 2130 purius
963 2052 1072 2112 lortius

134 2141 232 2200 racius
260 2146 345 2199 amat.
392 2157 460 2199 nam
490 2138 662 2200 facultatum
690 2142 769 2200 inter
800 2158 957 2218 germanos
985 2143 1071 2219 prins

94 2243 120 2283 10
134 2230 230 2308 sopita
248 2230 308 2288 iam
327 2230 378 2304 qui
396 2236 559 2289 nascuntur
573 2247 609 2289 ex
628 2227 779 2309 iratribus
798 2228 873 2288 nihil
887 2231 1016 2289 invicem
1032 2248 1078 2291 cor

133 2323 298 2398 versantur,
322 2324 351 2377 et
374 2317 443 2377 hinc
463 2335 550 2395 saepe
570 2319 679 2377 caritas
699 2319 730 2377 in
748 2317 933 2397 patruelibus
952 2321 1059 2400 maior,

134 2407 253 2467 desistit
276 2405 410 2466 simultas
434 2424 450 2465 a
474 2406 618 2467 divisione
642 2425 698 2466 nec
721 2414 819 2467 cessat
842 2407 966 2466 affectus
990 2427 1007 2467 a
1028 2426 1078 2469 sen

135 2496 283 2556 secundus
315 2494 401 2555 nohis
435 2497 602 2555 animorum
633 2513 738 2555 nexus·
761 2497 888 2556 accessit
915 2496 951 2555 de
984 2497 1078 2557 studi<

134 2584 291 2665 parilitate,
311 2587 380 2664 quia
398 2584 478 2644 idem
497 2585 642 2645 sentimus
659 2584 811 2663 culpamus
825 2584 980 2645 laudamus
995 2587 1028 2645 in
1043 2586 1078 2646 lit

95 2687 121 2728 1⁶
136 2681 165 2733 et
202 2692 295 2752 aeque
332 2672 419 2733 nobis
456 2672 605 2751 quaelibet
642 2674 731 2733 dictio
766 2673 864 2753 placet
896 2674 1078 2753 improbatur

135 2760 164 2822 2.
184 2780 362 2841 quamquam
380 2761 454 2822 mihi
473 2764 562 2822 nimis
582 2780 687 2841 arrogo
706 2762 852 2822 iudicium
870 2780 971 2822 meum
994 2765 1078 2824 conse

134 2858 195 2910 tuo.
241 2852 308 2929 quis
342 2853 421 2911 enim
453 2853 594 2910 iuvenum
625 2853 739 2911 nesciat
772 2852 983 2930 seniorumque
1017 2860 1048 2914 te

135 2942 310 3017 magistrum
333 2940 426 3000 luisse
454 2941 623 3018 proprium,
651 2958 719 3017 cum
741 2940 912 3000 videremur
936 2940 1048 3003 hahere
1073 2964 1078 3000 t

135 3045 268 3109 munem,
301 3035 331 3088 et
361 3030 387 3088 si
420 3028 491 3106 quid
523 3028 662 3088 heroicus
695 3028 820 3089 arduum
849 3032 982 3091 comicus
1011 3029 1078 3110 lapi<

96 3131 122 3171 2⁰
136 3116 246 3196 lyricus
271 3115 487 3177 cantilenosum
510 3124 610 3177 orator
632 3117 888 3200 declamatorium,
916 3119 1078 3182 historicus

136 3223 204 3266 rum
227 3206 366 3265 satiricus
386 3206 553 3286 figuratum,
577 3209 786 3285 grammaticus
805 3207 942 3286 regulare
961 3226 1078 3289 panegy

208 3401 221 3448 1
239 3391 399 3519 proprietas
418 3391 534 3462 linguae
557 3392 664 3448 latinae
688 3412 793 3465 pompa
815 3396 839 3452 0
857 3399 866 3466 ΙΙ
890 3401 906 3450 5
925 3399 1008 3453 inser.
1028 3415 1078 3453 om.

133 3471 169 3519 19
188 3464 237 3535 qui
255 3465 270 3538 J
290 3463 353 3533 quis
371 3463 394 3520 0
403 3465 412 3534 ll
426 3469 461 3518 20
480 3467 575 3520 orator
591 3465 825 3521 declamatorium
838 3467 904 3536 Leo,
923 3471 1075 3537 oratorque

121 3537 218 3590 turum
238 3538 319 3595 codd.
333 3539 346 3610 11
