2414 3864
131 155 204 223 teu
481 152 795 210 amnasnrrnrus

129 299 326 384 nominatur',
357 305 509 388 inquiunt,
542 298 619 363 ‘non
646 305 793 384 episcopi,
823 303 875 364 sed
903 305 1005 383 potius
1035 303 1140 366 abbatis

130 393 259 474 complet
283 393 413 454 officium
436 400 466 453 et
487 391 674 453 intercedere
697 394 792 470 magis
814 410 869 472 pro
890 391 1048 454 animabus
1071 392 1140 474 apud

130 482 289 544 caelestem
321 500 409 562 quam
441 499 495 560 pro
527 479 702 560 corporibus
730 481 807 561 apud
835 488 991 543 terrenum
1018 482 1138 544 iudicem

130 567 248 652 potest'.
295 571 346 632 sed
370 572 437 650 quis
460 587 521 630 non
544 569 765 651 exacerbescat,
788 587 856 630 curn
878 571 980 632 videat
1001 570 1139 633 sordidari

104 663 276 722 avirtutum
304 661 506 720 sinceritatem
533 660 740 720 criminatione
762 656 925 720 vitiorum?
974 657 1024 722 10.
1048 662 1074 721 si
1094 659 1137 720 eli·

131 751 228 828 gimus
251 747 407 829 humilem,
431 754 552 808 vocatur
576 747 723 809 abiectus:
752 749 778 808 si
800 749 983 828 proterimus
1006 755 1136 827 erectum,

132 837 288 917 superbire
307 844 459 917 censetur,
479 838 618 897 siminus
632 838 811 918 institutum,
830 844 954 917 propter
968 839 1134 918 imperitiam

132 926 265 987 creditur
288 925 478 986 inridendus:
503 926 529 985 si
552 924 738 1004 aliquatenus
761 925 891 1008 doctum,
909 933 1035 1006 propter
1053 928 1133 986 scien·

132 1017 205 1076 tiam
224 1014 368 1075 clamatur
386 1013 520 1094 inflatus,
544 1015 570 1073 si
593 1032 739 1095 severum,
761 1022 913 1093 tamquam
931 1015 1061 1077 crudelis
1078 1015 1131 1074 bor·

93 1122 119 1165 ιο
133 1111 229 1164 retur:
263 1105 289 1164 si
320 1102 537 1182 indulgentem,
568 1103 708 1164 facilitate
736 1102 886 1185 culpatur,
919 1105 946 1164 si
974 1103 1130 1185 simplicem,

134 1193 297 1271 despicitur
319 1199 353 1253 ut
375 1191 495 1252 brutus:
518 1193 545 1251 si
567 1210 675 1273 acrem,
697 1194 806 1253 vitatur
824 1198 858 1253 ut
876 1191 1015 1274 callidus,
1039 1195 1064 1253 si
1080 1189 1129 1252 dili·

133 1289 261 1363 gentem,
285 1282 510 1361 superstitiosus
533 1280 718 1342 decernitur:
746 1282 773 1341 si
795 1282 966 1362 remissum,
989 1280 1127 1361 neglegens
1164 1290 1166 1343 ὲ

133 1372 295 1451 iudicatur3
323 1372 350 1431 si
373 1369 532 1449 sollertem,
555 1370 695 1448 cupidus:
719 1372 745 1430 si
768 1371 916 1451 quietum,
939 1372 1138 1451 pronuntiatur*

133 1461 270 1540 ignavus,
303 1460 329 1519 si
356 1457 534 1518 abstemium
561 1458 767 1538 producimuS,
799 1477 905 1519 avarus
933 1461 1085 1540 accipitur:
1108 1455 1126 1514 si

95 1567 120 1608 15
135 1566 216 1629 eum,
240 1549 292 1627 qui
314 1546 487 1626 prandendo
510 1553 624 1627 pascat,
648 1546 802 1608 edacitatis
824 1549 995 1627 impetitur:
1022 1551 1047 1608 si
1067 1560 1125 1621 eun,

136 1638 187 1716 qui
214 1635 363 1715 pascendo
391 1637 517 1716 ieiunet,
546 1637 684 1697 vanitatis
712 1638 854 1715 arguitur.
902 1634 953 1698 11.
982 1636 1125 1698 libertatern

134 1744 189 1804 pro
216 1724 404 1803 improbitate
432 1725 641 1785 condemnant:
668 1725 878 1786 verecundiam
905 1744 960 1804 pro
983 1725 1125 1787 runcina

135 1814 301 1894 fastidiunt,
320 1812 432 1891 rigidos
451 1813 488 1873 ob
508 1816 711 1874 austeritatem
729 1832 789 1874 uon
806 1812 917 1874 babent
931 1833 1030 1876 caros:
1046 1807 1125 1874 blandi

136 1901 213 1980 apud
237 1919 288 1962 eos
312 1904 518 1963 communione
541 1901 695 1963 vilescunt.
733 1921 766 1963 ac
790 1904 846 1983 sio,
873 1902 1018 1965 utrolibet
1039 1911 1125 1982 genere

96 2009 123 2050 aa
136 1992 260 2070 vivatur,
280 2008 398 2068 semper
415 1990 465 2052 bic
483 1998 582 2051 tamen
601 1991 746 2052 bonarum
759 1993 889 2070 partium
903 2010 1005 2053 mores
1018 2003 1126 2073 pungen-

136 2078 217 2140 tibus
240 2077 350 2158 linguis
374 2078 586 2140 maledicorum
607 2079 699 2141 veluti
720 2079 894 2159 bicipitibus
913 2080 1010 2142 hamis
1029 2082 1127 2142 inuna·
1164 2086 1166 2149 !

13 2199 16 2205 ·
135 2168 255 2230 buntur.
297 2171 376 2228 inter
398 2167 471 2228 haec
493 2168 752 2230 monasterialibus
776 2168 943 2248 disciplinis
967 2188 1055 2250 aegre
1076 2163 1128 2229 sub

135 2258 216 2319 ditur
242 2255 289 2317 vel
316 2256 504 2336 popularium
527 2259 716 2318 cervicositas
743 2256 790 2318 vel
816 2256 937 2318 licentia
960 2258 1127 2320 cloacarum

136 2345 186 2408 12.
215 2348 241 2407 si
268 2344 410 2424 clericum
438 2346 555 2426 dixero,
587 2353 745 2424 sequentes
772 2346 974 2428 aemulantur,
1007 2344 1131 2426 derogant

95 2454 121 2495 aa
135 2434 353 2496 antecedentes.
386 2452 459 2494 narn
478 2437 518 2495 ita
537 2453 574 2494 ex
592 2434 645 2494 his
657 2436 753 2516 pauci,
776 2435 855 2515 quod
874 2434 1061 2515 reliquorum
1075 2444 1131 2516 pace

107 2527 174 2584 'sit
206 2523 331 2604 dictum,
368 2522 461 2590 solam
494 2523 650 2585 clericatus
686 2523 911 2585 diuturnitatem
946 2543 1003 2605 pro
1034 2521 1134 2593 meritis

134 2619 287 2674 autumant
309 2611 518 2693 calculandam,
542 2618 574 2673 ut
592 2630 647 2673 nos
665 2613 697 2672 in
716 2614 847 2673 antistite
866 2614 1069 2676 consecrando
1088 2620 1136 2673 noll

133 2701 291 2762 utilitatem
314 2700 405 2761 velint
428 2700 537 2781 eligere
561 2701 613 2763 sed
637 2708 777 2784 aetatem,
799 2709 949 2780 tamquam
974 2690 1027 2764 diu
1049 2703 1138 2783 potius

135 2809 223 2870 quam
249 2789 327 2850 bene
350 2791 449 2850 vivere
472 2789 578 2851 debeat
601 2792 696 2870 accipi
719 2791 755 2851 ad
778 2809 926 2851 summum
950 2791 1142 2852 sacerdotium

95 2899 122 2939 eo
136 2879 360 2957 adipiscendum
378 2896 432 2958 pro
450 2881 588 2941 omnium
597 2882 758 2958 gratiarum
771 2878 926 2958 privilegio
941 2879 1144 2941 decoramento

136 2966 378 3027 lenocinamento.
425 2974 455 3028 et
477 2969 518 3028 ita
541 2970 686 3049 quipiam,
713 2970 744 3028 in
767 2968 964 3029 ministrando
989 2986 1095 3048 segnes
1115 2967 1152 3026 iss

137 3054 322 3134 obloquendo
355 3055 481 3137 celeres,
512 3059 544 3116 in
576 3057 750 3118 tractatibus
778 3059 866 3117 otiosi
893 3059 925 3117 in
953 3056 1157 3119 seditionibus

97 3186 106 3203 .
138 3145 283 3225 occupati,
305 3145 338 3204 in
361 3147 482 3205 caritate
506 3146 617 3206 infirmi
640 3148 672 3207 in
695 3147 821 3207 factione
844 3145 970 3256 robusti,
993 3148 1025 3207 in
1049 3159 1162 3208 aemu‘

209 3373 227 3422 4
245 3367 444 3422 exacerbescat
462 3368 562 3437 LNO,
582 3369 778 3423 exacerbescat
796 3370 976 3437 (catiacus
993 3371 1028 3424 Μ
1033 3367 1166 3475 1)13337

87 3446 154 3494 9
173 3439 288 3493 inflatus
307 3437 364 3507 (vel
382 3439 434 3493 dus
453 3441 517 3494 add.
531 3457 553 3495 3.
572 3441 588 3494 l.
604 3440 739 3510 M¹)MG,
755 3439 895 3494 inflandus
913 3440 980 3496 LN
982 3442 1009 3497 T
1028 3445 1038 3512 l
1061 3445 1093 3495 18
1110 3426 1166 3492 0¹

129 3509 332 3568 austeritatem
351 3510 419 3568 LN
422 3511 455 3580 Τ
475 3510 512 3566 ab
532 3511 702 3585 austeritate
720 3511 809 3579 Mel
954 3526 957 3533 ·
