2414 3864
430 111 582 167 eunucu
601 113 634 168 v.
975 113 1042 178 265

108 262 208 323 Iulius
231 262 281 322 hic
304 262 454 340 Augustus
477 264 542 323 erit.
589 264 764 324 coniunctus
788 280 887 322 amore

112 358 270 432 praeterea
293 357 339 411 est
361 353 471 433 iuveni,
493 351 614 429 grandis
638 369 726 430 quem
750 354 873 430 spiritus
897 358 991 411 armat
1091 405 1093 408 .

113 444 196 519 regis
220 442 274 500 111.
319 458 379 519 quo
402 446 431 500 te
455 437 574 500 vertas?
607 440 642 500 ad
667 439 794 501 culmina
818 440 920 499 mundi

114 531 165 590 hic
188 530 281 589 latum
304 530 370 610 lert,
393 529 478 588 ambo
503 531 642 590 animum.
688 547 833 606 consurge
858 527 1004 607 simulque

66 620 98 675 20
116 618 277 697 aggredere
302 620 434 699 ignaros3
457 624 597 678 neutrum
620 625 747 679 mactare
772 616 891 698 valebiS,

117 710 143 768 si
167 706 270 767 iubeas
294 713 452 785 utrumqne
475 709 565 788 mori,
589 707 641 767 sed
664 713 750 767 necte
774 706 890 766 dolosas

115 795 274 855 blanditias
297 798 359 876 uni,
383 796 462 855 terro
485 803 585 856 tamen
607 798 664 857 iste
688 802 813 875 petatur.

118 884 189 963 quid
208 883 313 962 loquor
332 882 503 945 incassum?
526 883 601 945 nihil
620 893 674 965 est,
694 884 773 964 quod
791 891 871 944 111111
889 902 1042 945 cavemus:

115 982 149 1033 ut
172 979 284 1053 regnet,
307 975 439 1034 victurus
463 970 544 1034 eritl'
569 981 734 1034 commotus
757 975 788 1033 in
811 975 870 1033 iras

66 1077 95 1125 tt
115 1063 218 1123 Aetius
242 1064 285 1122 sic
308 1081 401 1141 pauca
424 1063 529 1123 refert:
553 1058 719 1141 ‘compesce
744 1063 870 1122 lurentis

117 1153 209 1229 impia
231 1159 298 1212 rota
321 1153 420 1210 animi.
466 1158 593 1212 mortem
616 1151 756 1211 mandare
779 1149 881 1210 valebo

114 1242 250 1320 insontis,
272 1247 386 1300 taceam
409 1237 526 1300 nostri?
572 1242 767 1319 quisquamne
791 1245 940 1318 precatur,

115 1337 147 1389 ut
172 1331 236 1389 sine
260 1327 436 1389 criminibus
460 1331 574 1390 crimen
597 1330 648 1389 liat
669 1328 744 1388 bene
769 1324 873 1387 nasci?

116 1418 152 1478 ad
175 1436 301 1497 poenam
325 1419 393 1496 quis
416 1418 474 1478 iata
497 1415 603 1478 vocet?
626 1426 676 1478 tua
699 1421 812 1478 viscera
834 1417 925 1496 serro,

66 1521 94 1570 30
114 1506 284 1588 Maioriane,
307 1513 415 1587 petam,
437 1506 575 1568 Phoebus
598 1509 625 1567 si
648 1515 734 1567 nocte
758 1505 892 1584 refulget,

113 1595 197 1656 Luna
220 1596 277 1677 die,
302 1595 410 1674 duplex
433 1603 523 1675 ponto
547 1598 573 1656 si
596 1595 728 1675 plaustra
750 1601 874 1656 novatur

114 1685 277 1766 Parrhasis,
300 1684 447 1745 Atlantem
470 1686 586 1765 Tanais,
610 1688 637 1745 si
659 1685 790 1763 Bagrada
813 1684 910 1744 cernit

118 1774 281 1854 Caucason,
303 1773 444 1853 Hercynii
467 1777 598 1834 nemoris
622 1776 648 1834 si
672 1776 772 1852 stipite
796 1772 894 1832 lintris

115 1871 197 1923 texta
219 1861 402 1923 Nabataeum
424 1881 479 1942 pro
502 1863 605 1923 Rheno
629 1863 723 1923 sulcat
745 1862 912 1942 Hydaspen,

66 1965 94 2014 35
115 1954 143 2011 si
165 1951 241 2011 bibit
263 1950 412 2031 Hispanus
436 1951 557 2030 Gangen
579 1952 748 2031 tepidisque
772 1951 808 2012 ab
831 1949 967 2030 Erythris

115 2040 152 2100 ad
175 2041 378 2102 Tartesiacum
401 2043 482 2101 venit
504 2041 594 2101 ludus
619 2049 742 2119 aquator
764 2039 917 2119 Hiberum,

114 2132 142 2189 si
165 2147 198 2189 se
221 2128 350 2190 Pollucis
373 2130 525 2209 perfundit
548 2133 690 2208 sanguine
714 2129 827 2208 Castor,

113 2218 229 2278 Thesea
251 2217 386 2299 Pirithoi,
408 2218 537 2297 Pyladen
560 2222 586 2278 si
608 2221 711 2279 stravit
734 2216 856 2277 Orestae

114 2306 161 2366 vel
185 2306 344 2367 furibunda
366 2325 481 2388 manus,
504 2315 622 2386 raperet
646 2326 713 2367 cum
736 2306 862 2365 Taurica
886 2325 969 2367 sacra

66 2409 95 2457 1ο
114 2395 270 2456 matricida
292 2398 368 2474 pius
415 2396 467 2456 sed
491 2415 528 2456 ne
553 2398 700 2475 sprevisse
724 2394 857 2454 dolorem

114 2485 190 2544 forte
214 2490 298 2545 tuum
321 2485 432 2564 videar,
454 2487 531 2544 vivat
554 2490 710 2562 careatque
734 2500 894 2562 parumper

113 2573 227 2633 militia.
273 2573 333 2633 heu
355 2575 453 2652 potuit
475 2573 570 2654 nobis,
593 2575 651 2633 nisi
674 2574 760 2632 triste
784 2578 929 2652 putasses,

113 2663 262 2723 fortunam
287 2661 395 2722 debere
420 2658 524 2722 suam'
571 2664 614 2722 sic
637 2661 714 2721 fatur
738 2667 768 2720 et
790 2659 874 2720 illum

112 2769 184 2811 rure
207 2749 290 2811 iubet
312 2753 408 2830 patrio
433 2759 532 2812 suetos
556 2758 671 2811 mutare
694 2748 820 2830 labores,

66 2853 93 2902 35
114 2841 243 2900 fatorum
267 2847 405 2900 currente
430 2848 503 2920 rota,
527 2858 585 2919 quo
609 2839 746 2918 disceret,
770 2841 834 2915 agri

116 2928 187 3008 quid
210 2946 415 3008 possessorem
439 2935 563 3009 maneat,
587 2946 661 3007 quos
685 2927 813 3007 denique
838 2945 936 2986 mores

112 3020 159 3078 ius
184 3017 269 3078 civile
293 3026 386 3099 paret,
410 3036 446 3078 ne
471 3018 563 3078 solam
587 3016 690 3076 militis
713 3025 807 3076 artem

113 3107 205 3167 ferret
228 3107 265 3167 ad
288 3109 455 3186 imperium.
502 3106 698 3186 suspenderat
721 3105 802 3165 ilicet
825 3123 906 3165 arma

92 3335 155 3385 284.
175 3335 228 3386 285
247 3348 297 3386 ooa.
318 3332 364 3401 Til
383 3334 435 3384 285
454 3347 575 3401 gangem
590 3330 683 3385 PTF
694 3333 703 3400 ΙΙ
718 3333 769 3383 188
788 3328 929 3398 pirithous
945 3327 1040 3396 ΟΥΕ,

66 3403 168 3545 Qus
187 3403 215 3456 P
226 3406 236 3471 ll
250 3409 301 3458 ²9²
321 3419 371 3457 om·
389 3402 412 3457 0
427 3406 436 3471 l
454 3407 506 3457 295
525 3418 582 3470 qua
601 3402 655 3472 Ml
672 3400 734 3472 agri
752 3401 948 3470 Iuetjohonn,
970 3415 1041 3465 arguo
