2414 3864
134 152 199 217 144
482 151 591 208 LIBER
610 151 796 209 SEPTIMUS.

132 300 292 362 clientibus
323 303 482 381 patrocinii
513 300 608 380 legata
640 300 767 362 solvatis.
819 298 870 364 10.
898 319 970 363 ecce
1001 303 1085 382 parui
1110 307 1134 360 et

132 390 317 451 oboedientis
337 391 467 452 officium
486 389 658 469 garrulitate
677 389 831 471 complevi,
853 390 934 472 lieet,
957 392 1010 470 qui
1027 389 1132 452 indocto

132 481 283 558 negotium
306 479 484 559 prolixitatis
507 481 649 560 iniungit,
677 496 764 558 aegre
787 479 866 540 ferre
889 497 952 541 non
975 478 1088 559 debeat,
1111 479 1131 537 si

132 587 192 630 non
215 575 276 629 tam
298 567 471 648 eloquentes
496 567 638 649 epistulas
660 570 768 648 recipit
791 586 880 648 quam
902 567 1052 648 loquaces.
1080 584 1130 628 me·

105 675 197 718 amor
220 660 316 719 nostri
339 675 405 718 esse
429 657 564 738 dignare,
588 656 707 718 domine
730 675 813 737 papa.

175 945 178 951 .
608 881 666 948 III.

200 1003 367 1059 SIDONIUS
384 1003 529 1059 DOMINO
548 1003 667 1058 PAPAE
685 1003 876 1061 MEGETHIO
896 1003 1072 1061 SALUTEM.

200 1114 228 1178 1.
253 1116 309 1178 Diu
331 1117 516 1198 multumque
540 1117 710 1199 deliberavi,
734 1136 913 1198 quamquam
935 1119 1012 1180 mihi
1029 1120 1124 1179 animm

133 1206 239 1267 affectu
277 1207 434 1287 studioque
466 1207 591 1286 parendi
624 1206 847 1288 sollicitaretur,
884 1225 923 1268 an
955 1207 1123 1283 destinarem,

133 1297 222 1356 sicuti
244 1297 390 1377 iniungiS,
413 1296 709 1377 contestatiunculaS,
733 1314 806 1376 quas
829 1298 893 1376 ipse
918 1297 1035 1358 dictavi.
1071 1294 1124 1355 vicit

93 1403 120 1443 ιο
133 1385 169 1445 ad
196 1384 334 1446 ultimum
363 1387 521 1465 sententia,
549 1403 624 1465 quae
651 1385 708 1446 tihi
730 1385 956 1464 obsequendum
980 1383 1123 1447 definiebat

132 1475 225 1553 igitur
252 1476 345 1555 petita
375 1475 537 1535 transmisi.
588 1480 618 1535 et
645 1474 717 1553 quid
745 1475 834 1535 modo
861 1472 1021 1536 dicemus?
1057 1488 1123 1553 gran·

133 1563 217 1623 disne
245 1563 318 1624 haec
340 1559 549 1623 oboedientia?
585 1570 671 1644 puto,
698 1563 818 1642 grandis
841 1569 900 1644 est,
928 1563 1065 1642 grandior
1084 1563 1123 1621 in·

132 1652 274 1730 pudentia
305 1659 412 1712 tamen.
462 1652 518 1713 hac
545 1653 625 1712 enim
657 1653 754 1712 fronte
786 1669 943 1731 possemus
975 1649 1123 1714 domnion

134 1758 239 1821 aquas,
275 1740 356 1800 silvis
390 1740 468 1819 ligna
500 1743 715 1822 transmittere,
751 1740 806 1801 hac
839 1739 946 1818 [enim]
979 1741 1124 1802 temeritate

94 1844 120 1886 1⁶
133 1828 255 1907 Apellen
281 1828 432 1909 peniculo,
460 1827 540 1891 caelo
568 1828 686 1910 Fidian,
712 1829 817 1890 malleo
840 1828 1018 1909 Polyclitum
1043 1842 1124 1890 mune

133 1934 277 1977 raremur.
314 1915 343 1976 2.
362 1917 446 1977 dabis
465 1936 536 1996 ergo
555 1920 672 1979 veniam
689 1919 933 1999 praesumptioni,
951 1937 1027 1998 papa
1045 1919 1124 1978 sancte

133 2006 258 2066 facunde
282 2005 472 2088 venerabiliS,
498 2025 573 2087 quae
597 2006 768 2068 doctissimo
793 2009 923 2068 examini
945 2013 998 2069 tuo
1021 1999 1125 2070 natudi

134 2094 305 2173 garrulitate
334 2094 505 2156 deblaterat.
551 2095 640 2157 habet
667 2095 850 2157 consuetudo
873 2102 977 2157 nostra
1000 2114 1053 2177 pro
1073 2095 1125 2168 ritu,

133 2190 179 2264 ut,
207 2187 265 2245 etsi
291 2202 384 2262 pauca
413 2184 488 2265 edit,
515 2184 607 2246 multa
630 2183 812 2265 conscribat,
838 2183 932 2245 veluti
954 2192 1001 2246 est
1024 2181 1125 2246 canibus

94 2290 121 2330 eo
134 2276 281 2354 innatum,
313 2280 359 2355 ut,
392 2275 449 2334 etsi
476 2291 536 2334 non
568 2273 688 2354 latrant,
719 2280 818 2334 tamen
845 2272 983 2335 hirriant.
1033 2283 1125 2334 memor

134 2365 230 2424 nostri
253 2380 319 2424 esse
344 2363 479 2444 dignare,
502 2362 621 2422 domine
644 2380 728 2441 papa.

609 2587 666 2653 IV.

219 2710 386 2766 SIDONIUS
404 2709 549 2764 DOMINO
568 2709 686 2763 PAPAE
705 2708 864 2764 FONTEIO
884 2708 1062 2767 SALUTEM.

203 2824 230 2885 1.
254 2823 408 2884 Insinuare
428 2840 629 2902 quoscumque
648 2824 708 2883 iam
726 2840 827 2903 paveo,
846 2824 915 2901 quia
935 2819 1132 2884 commendatis

136 2930 189 2971 nos
213 2912 317 2972 damus
340 2911 438 2992 verba,
461 2930 513 2971 vos
535 2930 672 2992 munera;
695 2919 846 2992 tamquam
864 2929 924 2972 non
943 2910 1136 2992 principalitas

207 3087 223 3136 6
242 3099 282 3152 ep.
297 3083 353 3138 III
367 3089 452 3138 totam
470 3099 520 3138 om.
535 3082 601 3136 LN
607 3083 661 3137 VT
675 3085 679 3152 Ι
694 3081 832 3151 migethio
852 3082 890 3136 M
895 3082 924 3150 0,
943 3081 1097 3153 megethtio
1109 3077 1147 3140 P.

135 3151 254 3221 migerio
269 3153 300 3206 F
311 3157 349 3222 l⁷
369 3154 479 3207 animus
499 3152 602 3207 effectu
615 3155 801 3224 Iacetjoieouu,
819 3153 914 3208 animo
933 3153 1053 3210 affectus
1070 3151 1163 3210 codd-

135 3224 144 3294 Η
172 3229 188 3277 8
208 3223 428 3278 sollicItarentur
450 3226 478 3278 P
502 3228 512 3295 ΙΙ
540 3229 574 3278 14
597 3225 671 3278 enim
694 3225 805 3294 MPF,
831 3226 942 3281 seclusit
964 3226 1167 3296 Modum!

135 3295 224 3365 igItur
243 3295 290 3364 ΟΙΙ
310 3301 342 3349 15
361 3295 486 3364 periculo
507 3295 535 3362 O,
553 3294 697 3364 pignieulo
717 3296 779 3350 PF
795 3303 820 3352 et
839 3296 911 3367 (igni
929 3298 963 3352 ic
979 3315 1036 3353 rao.
1051 3276 1168 3366 Μ’)ὒί

138 3368 141 3439 l
161 3382 372 3420 muneraremur
389 3367 538 3422 Beruenses
556 3368 669 3437 alitque,
685 3383 883 3422 veneraremur
900 3371 982 3435 (corr.
1001 3372 1035 3425 ie
1052 3380 1168 3443 mune5

135 3455 260 3492 reremur
279 3437 444 3506 MDMUP,
463 3438 649 3492 emulcremur
667 3439 698 3493 F
714 3443 724 3510 l
742 3444 775 3493 22
794 3456 834 3510 ep.
849 3439 900 3494 IV
913 3445 1000 3495 totam
1017 3457 1069 3498 om.
1087 3434 1168 3495 w

135 3510 213 3580 Vs,
225 3508 335 3566 fontelo
357 3508 385 3582 0,
405 3508 528 3566 fonterio
551 3510 604 3582 Eli
