<?xml version="1.0" encoding="UTF-8"?>
<!DOCTYPE html PUBLIC "-//W3C//DTD XHTML 1.0 Transitional//EN"
    "http://www.w3.org/TR/xhtml1/DTD/xhtml1-transitional.dtd">
<html xmlns="http://www.w3.org/1999/xhtml" xml:lang="en" lang="en">
 <head>
  <title>
</title>
<meta http-equiv="Content-Type" content="text/html;charset=utf-8" />
  <meta name='ocr-system' content='tesseract 3.04.00' />
  <meta name='ocr-capabilities' content='ocr_page ocr_carea ocr_par ocr_line ocrx_word'/>
</head>
<body>
  <div class='ocr_page' id='page_1' title='image "./csolliusapollin00apolgoog_0265.png"; bbox 0 0 2392 3854; ppageno 0'>
   <div class='ocr_carea' id='block_1_1' title="bbox 125 130 813 234">
    <p class='ocr_par' dir='ltr' id='par_1_1' title="bbox 125 130 813 234">
     <span class='ocr_line' id='line_1_1' title="bbox 125 130 813 234; baseline -0.01 0"><span class='ocrx_word' id='word_1_1' title='bbox 125 169 190 234; x_wconf 78' lang='lat'>212</span> <span class='ocrx_word' id='word_1_2' title='bbox 409 130 417 149; x_wconf 63' lang='lat'><em>⁶</em></span> <span class='ocrx_word' id='word_1_3' title='bbox 475 171 611 226; x_wconf 79' lang='lat' dir='ltr'>maun</span> <span class='ocrx_word' id='word_1_4' title='bbox 627 171 761 229; x_wconf 82' lang='lat' dir='ltr'>nonus.</span> <span class='ocrx_word' id='word_1_5' title='bbox 807 159 813 171; x_wconf 85' lang='grc'><em>·</em></span> 
     </span>
    </p>
   </div>
   <div class='ocr_carea' id='block_1_2' title="bbox 100 316 1112 1110">
    <p class='ocr_par' dir='ltr' id='par_1_2' title="bbox 100 316 1112 1110">
     <span class='ocr_line' id='line_1_2' title="bbox 126 316 1110 401; baseline -0.005 -22"><span class='ocrx_word' id='word_1_6' title='bbox 126 320 251 380; x_wconf 82' lang='lat' dir='ltr'>decessu</span> <span class='ocrx_word' id='word_1_7' title='bbox 274 322 351 381; x_wconf 89' lang='lat' dir='ltr'>vitae</span> <span class='ocrx_word' id='word_1_8' title='bbox 374 322 541 401; x_wconf 90' lang='lat' dir='ltr'>praesentis</span> <span class='ocrx_word' id='word_1_9' title='bbox 569 321 729 400; x_wconf 83' lang='lat' dir='ltr'>angoribus</span> <span class='ocrx_word' id='word_1_10' title='bbox 757 328 845 400; x_wconf 89' lang='lat' dir='ltr'>atque</span> <span class='ocrx_word' id='word_1_11' title='bbox 869 339 959 382; x_wconf 94' lang='lat' dir='ltr'>onere</span> <span class='ocrx_word' id='word_1_12' title='bbox 981 316 1110 400; x_wconf 86' lang='lat' dir='ltr'>perfuncti,</span> 
     </span>
     <span class='ocr_line' id='line_1_3' title="bbox 126 408 1111 481; baseline -0.005 -13"><span class='ocrx_word' id='word_1_13' title='bbox 126 428 194 469; x_wconf 91' lang='lat' dir='ltr'>oum</span> <span class='ocrx_word' id='word_1_14' title='bbox 226 409 331 469; x_wconf 93' lang='lat' dir='ltr'>iudicii</span> <span class='ocrx_word' id='word_1_15' title='bbox 352 408 428 469; x_wconf 85' lang='lat' dir='ltr'>¹dies</span> <span class='ocrx_word' id='word_1_16' title='bbox 466 417 585 470; x_wconf 92' lang='lat' dir='ltr'>sanctus</span> <span class='ocrx_word' id='word_1_17' title='bbox 623 409 769 471; x_wconf 87' lang='lat' dir='ltr'>offulserit</span> <span class='ocrx_word' id='word_1_18' title='bbox 806 429 875 471; x_wconf 91' lang='lat' dir='ltr'>cum</span> <span class='ocrx_word' id='word_1_19' title='bbox 911 409 1111 481; x_wconf 86' lang='lat' dir='ltr'>resurrectione,</span> 
     </span>
     <span class='ocr_line' id='line_1_4' title="bbox 126 494 1111 575; baseline -0.002 -18"><span class='ocrx_word' id='word_1_20' title='bbox 126 497 294 575; x_wconf 83' lang='lat' dir='ltr'>agminibus</span> <span class='ocrx_word' id='word_1_21' title='bbox 325 501 433 559; x_wconf 91' lang='lat' dir='ltr'>vestris</span> <span class='ocrx_word' id='word_1_22' title='bbox 464 499 634 560; x_wconf 79' lang='lat' dir='ltr'>famulaturi</span> <span class='ocrx_word' id='word_1_23' title='bbox 662 497 708 559; x_wconf 93' lang='lat' dir='ltr'>vel</span> <span class='ocrx_word' id='word_1_24' title='bbox 737 497 792 560; x_wconf 94' lang='lat' dir='ltr'>sub</span> <span class='ocrx_word' id='word_1_25' title='bbox 816 498 1020 560; x_wconf 81' lang='lat' dir='ltr'>Gabaoniticae</span> <span class='ocrx_word' id='word_1_26' title='bbox 1041 494 1111 556; x_wconf 78' lang='lat' dir='ltr'>servi·</span> 
     </span>
     <span class='ocr_line' id='line_1_5' title="bbox 126 587 1110 670; baseline -0.006 -23"><span class='ocrx_word' id='word_1_27' title='bbox 126 589 199 647; x_wconf 91' lang='lat' dir='ltr'>tutis</span> <span class='ocrx_word' id='word_1_28' title='bbox 223 589 378 647; x_wconf 88' lang='lat' dir='ltr'>occasione</span> <span class='ocrx_word' id='word_1_29' title='bbox 406 589 577 670; x_wconf 81' lang='lat' dir='ltr'>iungamur3</span> <span class='ocrx_word' id='word_1_30' title='bbox 610 590 679 667; x_wconf 92' lang='lat' dir='ltr'>quia</span> <span class='ocrx_word' id='word_1_31' title='bbox 708 587 873 649; x_wconf 90' lang='lat' dir='ltr'>secundum</span> <span class='ocrx_word' id='word_1_32' title='bbox 900 590 1038 667; x_wconf 89' lang='lat' dir='ltr'>promissa</span> <span class='ocrx_word' id='word_1_33' title='bbox 1063 598 1110 644; x_wconf 91' lang='lat' dir='ltr'>cae·</span> 
     </span>
     <span class='ocr_line' id='line_1_6' title="bbox 100 675 1112 757; baseline -0.001 -21"><span class='ocrx_word' id='word_1_34' title='bbox 100 675 221 757; x_wconf 74' lang='lat' dir='ltr'>alestia,</span> <span class='ocrx_word' id='word_1_35' title='bbox 246 694 320 755; x_wconf 90' lang='lat' dir='ltr'>quae</span> <span class='ocrx_word' id='word_1_36' title='bbox 346 677 570 756; x_wconf 92' lang='lat' dir='ltr'>spoponderunt</span> <span class='ocrx_word' id='word_1_37' title='bbox 592 676 669 737; x_wconf 86' lang='lat' dir='ltr'>filios</span> <span class='ocrx_word' id='word_1_38' title='bbox 692 676 741 737; x_wconf 89' lang='lat' dir='ltr'>dei</span> <span class='ocrx_word' id='word_1_39' title='bbox 758 676 800 750; x_wconf 49' lang='lat' dir='ltr'>‚de</span> <span class='ocrx_word' id='word_1_40' title='bbox 823 676 993 738; x_wconf 82' lang='lat' dir='ltr'>nationibus</span> <span class='ocrx_word' id='word_1_41' title='bbox 1014 685 1112 751; x_wconf 80' lang='lat' dir='ltr'>&#39;congre-</span> 
     </span>
     <span class='ocr_line' id='line_1_7' title="bbox 127 759 1112 847; baseline -0.009 -22"><span class='ocrx_word' id='word_1_42' title='bbox 127 765 252 847; x_wconf 87' lang='lat' dir='ltr'>gandos,</span> <span class='ocrx_word' id='word_1_43' title='bbox 278 767 304 824; x_wconf 82' lang='lat' dir='ltr'>si</span> <span class='ocrx_word' id='word_1_44' title='bbox 327 783 382 825; x_wconf 90' lang='lat' dir='ltr'>nos</span> <span class='ocrx_word' id='word_1_45' title='bbox 406 784 474 826; x_wconf 90' lang='lat' dir='ltr'>reos</span> <span class='ocrx_word' id='word_1_46' title='bbox 496 768 582 826; x_wconf 89' lang='lat' dir='ltr'>venia</span> <span class='ocrx_word' id='word_1_47' title='bbox 606 765 730 847; x_wconf 88' lang='lat' dir='ltr'>soletur,</span> <span class='ocrx_word' id='word_1_48' title='bbox 753 767 824 826; x_wconf 90' lang='lat' dir='ltr'>dum</span> <span class='ocrx_word' id='word_1_49' title='bbox 847 783 899 826; x_wconf 88' lang='lat' dir='ltr'>vos</span> <span class='ocrx_word' id='word_1_50' title='bbox 922 765 1022 826; x_wconf 90' lang='lat' dir='ltr'>beatos</span> <span class='ocrx_word' id='word_1_51' title='bbox 1041 759 1112 842; x_wconf 91' lang='lat' dir='ltr'>gloria</span> 
     </span>
     <span class='ocr_line' id='line_1_8' title="bbox 126 855 1111 935; baseline 0.001 -22"><span class='ocrx_word' id='word_1_52' title='bbox 126 861 238 933; x_wconf 91' lang='lat' dir='ltr'>manet,</span> <span class='ocrx_word' id='word_1_53' title='bbox 268 856 330 914; x_wconf 84' lang='lat' dir='ltr'>etsi</span> <span class='ocrx_word' id='word_1_54' title='bbox 361 871 416 933; x_wconf 89' lang='lat' dir='ltr'>per</span> <span class='ocrx_word' id='word_1_55' title='bbox 449 857 599 917; x_wconf 88' lang='lat' dir='ltr'>actionum</span> <span class='ocrx_word' id='word_1_56' title='bbox 626 855 836 935; x_wconf 85' lang='lat' dir='ltr'>differentiam,</span> <span class='ocrx_word' id='word_1_57' title='bbox 869 873 930 915; x_wconf 94' lang='lat' dir='ltr'>non</span> <span class='ocrx_word' id='word_1_58' title='bbox 961 862 1050 915; x_wconf 90' lang='lat' dir='ltr'>tamen</span> <span class='ocrx_word' id='word_1_59' title='bbox 1072 863 1111 928; x_wconf 74' lang='lat' dir='ltr'>ptr</span> 
     </span>
     <span class='ocr_line' id='line_1_9' title="bbox 127 937 1111 1020; baseline -0.007 -19"><span class='ocrx_word' id='word_1_60' title='bbox 127 941 260 1003; x_wconf 90' lang='lat' dir='ltr'>locorum</span> <span class='ocrx_word' id='word_1_61' title='bbox 279 942 450 1003; x_wconf 79' lang='lat' dir='ltr'>distantiam</span> <span class='ocrx_word' id='word_1_62' title='bbox 469 937 643 1004; x_wconf 88' lang='lat' dir='ltr'>dividemur.</span> <span class='ocrx_word' id='word_1_63' title='bbox 663 962 795 1004; x_wconf 88' lang='lat' dir='ltr'>memor</span> <span class='ocrx_word' id='word_1_64' title='bbox 813 946 910 1004; x_wconf 85' lang='lat' dir='ltr'>nostri</span> <span class='ocrx_word' id='word_1_65' title='bbox 929 962 994 1004; x_wconf 89' lang='lat' dir='ltr'>esse</span> <span class='ocrx_word' id='word_1_66' title='bbox 1008 943 1111 1020; x_wconf 90' lang='lat' dir='ltr'>dignare,</span> 
     </span>
     <span class='ocr_line' id='line_1_10' title="bbox 129 1031 353 1110; baseline 0 -20"><span class='ocrx_word' id='word_1_67' title='bbox 129 1031 246 1091; x_wconf 90' lang='lat' dir='ltr'>domine</span> <span class='ocrx_word' id='word_1_68' title='bbox 270 1049 353 1110; x_wconf 92' lang='lat' dir='ltr'>papa.</span> 
     </span>
    </p>
   </div>
   <div class='ocr_carea' id='block_1_3' title="bbox 41 1204 1043 1407">
    <p class='ocr_par' dir='ltr' id='par_1_3' title="bbox 41 1204 1043 1407">
     <span class='ocr_line' id='line_1_11' title="bbox 608 1204 663 1270; baseline 0.018 -1"><span class='ocrx_word' id='word_1_69' title='bbox 608 1204 663 1270; x_wconf 90' lang='lat' dir='ltr'>IX.</span> 
     </span>
     <span class='ocr_line' id='line_1_12' title="bbox 41 1297 1043 1407; baseline 0.001 -29"><span class='ocrx_word' id='word_1_70' title='bbox 41 1307 47 1318; x_wconf 84' lang='lat'>&#39;</span> <span class='ocrx_word' id='word_1_71' title='bbox 89 1341 113 1379; x_wconf 89' lang='lat'>10</span> <span class='ocrx_word' id='word_1_72' title='bbox 188 1400 192 1407; x_wconf 11' lang='grc' dir='ltr'><strong><em>ι</em></strong></span> <span class='ocrx_word' id='word_1_73' title='bbox 222 1326 391 1383; x_wconf 82' lang='lat' dir='ltr'>smonrns</span> <span class='ocrx_word' id='word_1_74' title='bbox 409 1326 553 1382; x_wconf 84' lang='lat' dir='ltr'>nouum</span> <span class='ocrx_word' id='word_1_75' title='bbox 571 1297 694 1381; x_wconf 76' lang='lat' dir='ltr'>runnu</span> <span class='ocrx_word' id='word_1_76' title='bbox 708 1326 850 1382; x_wconf 74' lang='lat' dir='ltr'>museo</span> <span class='ocrx_word' id='word_1_77' title='bbox 870 1326 1043 1382; x_wconf 72' lang='lat' dir='ltr'>senonen.</span> 
     </span>
    </p>
   </div>
   <div class='ocr_carea' id='block_1_4' title="bbox 41 1437 1140 2855">
    <p class='ocr_par' dir='ltr' id='par_1_4' title="bbox 130 1437 1116 1788">
     <span class='ocr_line' id='line_1_13' title="bbox 197 1437 1113 1523; baseline 0.002 -23"><span class='ocrx_word' id='word_1_78' title='bbox 197 1437 225 1501; x_wconf 79' lang='lat'>1,</span> <span class='ocrx_word' id='word_1_79' title='bbox 249 1440 384 1520; x_wconf 90' lang='lat' dir='ltr'>Longum</span> <span class='ocrx_word' id='word_1_80' title='bbox 406 1447 518 1522; x_wconf 90' lang='lat' dir='ltr'>tacere,</span> <span class='ocrx_word' id='word_1_81' title='bbox 546 1444 591 1501; x_wconf 91' lang='lat' dir='ltr'>vir</span> <span class='ocrx_word' id='word_1_82' title='bbox 615 1443 827 1523; x_wconf 88' lang='lat' dir='ltr'>sacratissime,</span> <span class='ocrx_word' id='word_1_83' title='bbox 854 1460 909 1502; x_wconf 91' lang='lat' dir='ltr'>nos</span> <span class='ocrx_word' id='word_1_84' title='bbox 932 1443 1113 1502; x_wconf 71' lang='lat' dir='ltr'>incommune</span> 
     </span>
     <span class='ocr_line' id='line_1_14' title="bbox 130 1530 1113 1611; baseline -0.006 -22"><span class='ocrx_word' id='word_1_85' title='bbox 130 1530 291 1609; x_wconf 83' lang='lat' dir='ltr'>dequestus</span> <span class='ocrx_word' id='word_1_86' title='bbox 311 1549 356 1611; x_wconf 81' lang='lat' dir='ltr'>es3</span> <span class='ocrx_word' id='word_1_87' title='bbox 375 1548 522 1609; x_wconf 83' lang='lat' dir='ltr'>cognosco</span> <span class='ocrx_word' id='word_1_88' title='bbox 541 1537 657 1591; x_wconf 87' lang='lat' dir='ltr'>vestrae</span> <span class='ocrx_word' id='word_1_89' title='bbox 671 1532 765 1609; x_wconf 91' lang='lat' dir='ltr'>partis</span> <span class='ocrx_word' id='word_1_90' title='bbox 778 1530 849 1590; x_wconf 90' lang='lat' dir='ltr'>hinc</span> <span class='ocrx_word' id='word_1_91' title='bbox 862 1530 1003 1611; x_wconf 92' lang='lat' dir='ltr'>studium,</span> <span class='ocrx_word' id='word_1_92' title='bbox 1020 1533 1113 1590; x_wconf 83' lang='lat' dir='ltr'>nostrae</span> 
     </span>
     <span class='ocr_line' id='line_1_15' title="bbox 130 1612 1114 1698; baseline -0.002 -18"><span class='ocrx_word' id='word_1_93' title='bbox 130 1626 244 1680; x_wconf 88' lang='lat' dir='ltr'>reatum</span> <span class='ocrx_word' id='word_1_94' title='bbox 268 1637 328 1679; x_wconf 90' lang='lat' dir='ltr'>nou</span> <span class='ocrx_word' id='word_1_95' title='bbox 351 1637 540 1698; x_wconf 87' lang='lat' dir='ltr'>recognosco.</span> <span class='ocrx_word' id='word_1_96' title='bbox 586 1637 713 1698; x_wconf 89' lang='lat' dir='ltr'>namque</span> <span class='ocrx_word' id='word_1_97' title='bbox 737 1621 795 1679; x_wconf 88' lang='lat' dir='ltr'>iam</span> <span class='ocrx_word' id='word_1_98' title='bbox 818 1618 935 1698; x_wconf 90' lang='lat' dir='ltr'>pridem</span> <span class='ocrx_word' id='word_1_99' title='bbox 958 1612 1053 1680; x_wconf 84' lang='lat' dir='ltr'>ius&#39;sus</span> <span class='ocrx_word' id='word_1_100' title='bbox 1067 1626 1114 1692; x_wconf 75' lang='lat' dir='ltr'>gal·</span> 
     </span>
     <span class='ocr_line' id='line_1_16' title="bbox 130 1704 1116 1788; baseline -0.006 -21"><span class='ocrx_word' id='word_1_101' title='bbox 130 1711 190 1767; x_wconf 91' lang='lat' dir='ltr'>rire</span> <span class='ocrx_word' id='word_1_102' title='bbox 213 1726 273 1767; x_wconf 88' lang='lat' dir='ltr'>uon</span> <span class='ocrx_word' id='word_1_103' title='bbox 298 1707 367 1768; x_wconf 91' lang='lat' dir='ltr'>silui</span> <span class='ocrx_word' id='word_1_104' title='bbox 390 1707 498 1768; x_wconf 91' lang='lat' dir='ltr'>litteris</span> <span class='ocrx_word' id='word_1_105' title='bbox 520 1711 593 1769; x_wconf 89' lang='lat' dir='ltr'>istas</span> <span class='ocrx_word' id='word_1_106' title='bbox 612 1706 884 1788; x_wconf 82' lang='lat' dir='ltr'>antecurrentibus3</span> <span class='ocrx_word' id='word_1_107' title='bbox 909 1707 1016 1787; x_wconf 92' lang='lat' dir='ltr'>quibus</span> <span class='ocrx_word' id='word_1_108' title='bbox 1033 1704 1116 1767; x_wconf 79' lang='lat' dir='ltr'>eriam</span> 
     </span>
    </p>

    <p class='ocr_par' dir='ltr' id='par_1_5' title="bbox 90 1789 1121 2239">
     <span class='ocr_line' id='line_1_17' title="bbox 90 1789 1117 1878; baseline 0.008 -24"><span class='ocrx_word' id='word_1_109' title='bbox 90 1808 115 1849; x_wconf 82' lang='lat'>15</span> <span class='ocrx_word' id='word_1_110' title='bbox 130 1796 330 1875; x_wconf 89' lang='lat' dir='ltr'>recensendis,</span> <span class='ocrx_word' id='word_1_111' title='bbox 355 1815 423 1856; x_wconf 92' lang='lat' dir='ltr'>cum</span> <span class='ocrx_word' id='word_1_112' title='bbox 441 1796 530 1856; x_wconf 84' lang='lat' dir='ltr'>Reios</span> <span class='ocrx_word' id='word_1_113' title='bbox 554 1797 742 1878; x_wconf 88' lang='lat' dir='ltr'>advenerant,</span> <span class='ocrx_word' id='word_1_114' title='bbox 765 1798 817 1876; x_wconf 95' lang='lat' dir='ltr'>qui</span> <span class='ocrx_word' id='word_1_115' title='bbox 835 1804 907 1858; x_wconf 91' lang='lat' dir='ltr'>tunc</span> <span class='ocrx_word' id='word_1_116' title='bbox 925 1796 1016 1876; x_wconf 81' lang='lat' dir='ltr'>Aptae</span> <span class='ocrx_word' id='word_1_117' title='bbox 1033 1789 1117 1862; x_wconf 61' lang='lat' dir='ltr'>fuisit</span> 
     </span>
     <span class='ocr_line' id='line_1_18' title="bbox 130 1884 1118 1964; baseline -0.001 -22"><span class='ocrx_word' id='word_1_118' title='bbox 130 1885 282 1962; x_wconf 90' lang='lat' dir='ltr'>aptissime</span> <span class='ocrx_word' id='word_1_119' title='bbox 307 1885 451 1945; x_wconf 80' lang='lat' dir='ltr'>defuistis.</span> <span class='ocrx_word' id='word_1_120' title='bbox 498 1884 588 1964; x_wconf 89' lang='lat' dir='ltr'>idque</span> <span class='ocrx_word' id='word_1_121' title='bbox 611 1888 741 1946; x_wconf 86' lang='lat' dir='ltr'>votivum</span> <span class='ocrx_word' id='word_1_122' title='bbox 765 1886 838 1946; x_wconf 92' lang='lat' dir='ltr'>mibi</span> <span class='ocrx_word' id='word_1_123' title='bbox 862 1885 1014 1964; x_wconf 88' lang='lat' dir='ltr'>granditer</span> <span class='ocrx_word' id='word_1_124' title='bbox 1033 1885 1080 1946; x_wconf 91' lang='lat' dir='ltr'>fuit</span> <span class='ocrx_word' id='word_1_125' title='bbox 1093 1889 1118 1936; x_wconf 71' lang='lat' dir='ltr'>al</span> 
     </span>
     <span class='ocr_line' id='line_1_19' title="bbox 130 1971 1119 2068; baseline -0.002 -37"><span class='ocrx_word' id='word_1_126' title='bbox 130 1979 333 2053; x_wconf 88' lang='lat' dir='ltr'>peroptatum,</span> <span class='ocrx_word' id='word_1_127' title='bbox 366 1982 399 2033; x_wconf 91' lang='lat' dir='ltr'>ut</span> <span class='ocrx_word' id='word_1_128' title='bbox 431 1973 571 2068; x_wconf 50' lang='lat' dir='ltr'>epistula·</span> <span class='ocrx_word' id='word_1_129' title='bbox 589 1976 721 2049; x_wconf 83' lang='lat' dir='ltr'>iniuncta</span> <span class='ocrx_word' id='word_1_130' title='bbox 753 1993 809 2035; x_wconf 90' lang='lat' dir='ltr'>nec</span> <span class='ocrx_word' id='word_1_131' title='bbox 840 1981 1001 2053; x_wconf 88' lang='lat' dir='ltr'>negaretur</span> <span class='ocrx_word' id='word_1_132' title='bbox 1031 1971 1119 2047; x_wconf 73' lang='lat' dir='ltr'>scripta</span> 
     </span>
     <span class='ocr_line' id='line_1_20' title="bbox 130 2061 1120 2125; baseline -0.001 -4"><span class='ocrx_word' id='word_1_133' title='bbox 130 2063 276 2122; x_wconf 88' lang='lat' dir='ltr'>amicitiae</span> <span class='ocrx_word' id='word_1_134' title='bbox 300 2077 355 2122; x_wconf 87' lang='lat' dir='ltr'>nee</span> <span class='ocrx_word' id='word_1_135' title='bbox 380 2061 558 2122; x_wconf 84' lang='lat' dir='ltr'>subderetur</span> <span class='ocrx_word' id='word_1_136' title='bbox 585 2062 661 2124; x_wconf 89' lang='lat' dir='ltr'>lecta</span> <span class='ocrx_word' id='word_1_137' title='bbox 689 2081 841 2124; x_wconf 79' lang='lat' dir='ltr'>censurae,</span> <span class='ocrx_word' id='word_1_138' title='bbox 888 2062 918 2124; x_wconf 81' lang='lat'>2.</span> <span class='ocrx_word' id='word_1_139' title='bbox 943 2066 1000 2125; x_wconf 90' lang='lat' dir='ltr'>ista</span> <span class='ocrx_word' id='word_1_140' title='bbox 1026 2061 1120 2123; x_wconf 80' lang='lat' dir='ltr'>omitta-</span> 
     </span>
     <span class='ocr_line' id='line_1_21' title="bbox 130 2151 1121 2239; baseline 0.003 -29"><span class='ocrx_word' id='word_1_141' title='bbox 130 2169 205 2210; x_wconf 90' lang='lat' dir='ltr'>mus.</span> <span class='ocrx_word' id='word_1_142' title='bbox 251 2152 329 2211; x_wconf 88' lang='lat' dir='ltr'>mitti</span> <span class='ocrx_word' id='word_1_143' title='bbox 352 2153 489 2231; x_wconf 91' lang='lat' dir='ltr'>paginam</span> <span class='ocrx_word' id='word_1_144' title='bbox 512 2154 662 2230; x_wconf 91' lang='lat' dir='ltr'>copiosam</span> <span class='ocrx_word' id='word_1_145' title='bbox 687 2152 793 2221; x_wconf 86' lang='lat' dir='ltr'>denuo¹</span> <span class='ocrx_word' id='word_1_146' title='bbox 806 2151 901 2213; x_wconf 87' lang='lat' dir='ltr'>iubes.</span> <span class='ocrx_word' id='word_1_147' title='bbox 947 2170 1050 2232; x_wconf 90' lang='lat' dir='ltr'>parere</span> <span class='ocrx_word' id='word_1_148' title='bbox 1069 2159 1121 2239; x_wconf 68' lang='lat' dir='ltr'>pr⁰j</span> 
     </span>
    </p>

    <p class='ocr_par' dir='ltr' id='par_1_6' title="bbox 92 2235 1126 2409">
     <span class='ocr_line' id='line_1_22' title="bbox 92 2235 1124 2322; baseline -0.002 -23"><span class='ocrx_word' id='word_1_149' title='bbox 92 2255 117 2293; x_wconf 83' lang='lat'>20</span> <span class='ocrx_word' id='word_1_150' title='bbox 131 2243 248 2319; x_wconf 90' lang='lat' dir='ltr'>peranti</span> <span class='ocrx_word' id='word_1_151' title='bbox 271 2240 379 2300; x_wconf 84' lang='lat' dir='ltr'>adsunt</span> <span class='ocrx_word' id='word_1_152' title='bbox 405 2247 485 2320; x_wconf 90' lang='lat' dir='ltr'>vota,</span> <span class='ocrx_word' id='word_1_153' title='bbox 518 2259 623 2301; x_wconf 90' lang='lat' dir='ltr'>causae</span> <span class='ocrx_word' id='word_1_154' title='bbox 652 2241 767 2301; x_wconf 91' lang='lat' dir='ltr'>absunt.</span> <span class='ocrx_word' id='word_1_155' title='bbox 814 2260 882 2301; x_wconf 90' lang='lat' dir='ltr'>nam</span> <span class='ocrx_word' id='word_1_156' title='bbox 906 2242 1050 2322; x_wconf 89' lang='lat' dir='ltr'>salutatio,</span> <span class='ocrx_word' id='word_1_157' title='bbox 1077 2235 1124 2297; x_wconf 82' lang='lat' dir='ltr'>nisl</span> 
     </span>
     <span class='ocr_line' id='line_1_23' title="bbox 130 2326 1126 2409; baseline 0.006 -21"><span class='ocrx_word' id='word_1_158' title='bbox 130 2331 283 2408; x_wconf 91' lang='lat' dir='ltr'>negotium</span> <span class='ocrx_word' id='word_1_159' title='bbox 313 2328 431 2408; x_wconf 91' lang='lat' dir='ltr'>aliquod</span> <span class='ocrx_word' id='word_1_160' title='bbox 459 2332 552 2390; x_wconf 86' lang='lat' dir='ltr'>activa</span> <span class='ocrx_word' id='word_1_161' title='bbox 581 2330 717 2408; x_wconf 90' lang='lat' dir='ltr'>deportet</span> <span class='ocrx_word' id='word_1_162' title='bbox 743 2332 879 2409; x_wconf 85' lang='lat' dir='ltr'>materia,</span> <span class='ocrx_word' id='word_1_163' title='bbox 913 2334 1060 2403; x_wconf 86' lang='lat' dir='ltr'>succincta</span> <span class='ocrx_word' id='word_1_164' title='bbox 1078 2326 1126 2394; x_wconf 72' lang='grc' dir='ltr'>25ῑὶ</span> 
     </span>
    </p>

    <p class='ocr_par' dir='ltr' id='par_1_7' title="bbox 41 2412 1140 2855">
     <span class='ocr_line' id='line_1_24' title="bbox 41 2412 1128 2500; baseline -0.006 -23"><span class='ocrx_word' id='word_1_165' title='bbox 41 2415 43 2418; x_wconf 45' lang='lat'><em>⁴</em></span> <span class='ocrx_word' id='word_1_166' title='bbox 131 2437 219 2496; x_wconf 91' lang='lat' dir='ltr'>quam</span> <span class='ocrx_word' id='word_1_167' title='bbox 243 2420 295 2496; x_wconf 94' lang='lat' dir='ltr'>qui</span> <span class='ocrx_word' id='word_1_168' title='bbox 317 2419 444 2497; x_wconf 88' lang='lat' dir='ltr'>porrigit</span> <span class='ocrx_word' id='word_1_169' title='bbox 466 2419 564 2478; x_wconf 86' lang='lat' dir='ltr'>verbis</span> <span class='ocrx_word' id='word_1_170' title='bbox 588 2437 648 2500; x_wconf 82' lang='lat' dir='ltr'>nou</span> <span class='ocrx_word' id='word_1_171' title='bbox 672 2420 859 2500; x_wconf 88' lang='lat' dir='ltr'>necessariis,</span> <span class='ocrx_word' id='word_1_172' title='bbox 884 2438 905 2479; x_wconf 92' lang='lat' dir='ltr'>a·</span> <span class='ocrx_word' id='word_1_173' title='bbox 924 2419 1026 2499; x_wconf 88' lang='lat' dir='ltr'>regula</span> <span class='ocrx_word' id='word_1_174' title='bbox 1049 2412 1128 2478; x_wconf 85' lang='lat' dir='ltr'>Sallu·</span> 
     </span>
     <span class='ocr_line' id='line_1_25' title="bbox 131 2502 1130 2588; baseline -0.004 -22"><span class='ocrx_word' id='word_1_175' title='bbox 131 2509 220 2567; x_wconf 92' lang='lat' dir='ltr'>stiaui</span> <span class='ocrx_word' id='word_1_176' title='bbox 242 2508 370 2568; x_wconf 89' lang='lat' dir='ltr'>tramitis</span> <span class='ocrx_word' id='word_1_177' title='bbox 394 2507 528 2568; x_wconf 88' lang='lat' dir='ltr'>detortus</span> <span class='ocrx_word' id='word_1_178' title='bbox 552 2507 707 2588; x_wconf 81' lang='lat' dir='ltr'>exorbitat,</span> <span class='ocrx_word' id='word_1_179' title='bbox 731 2509 783 2586; x_wconf 93' lang='lat' dir='ltr'>qui</span> <span class='ocrx_word' id='word_1_180' title='bbox 801 2506 957 2568; x_wconf 86' lang='lat' dir='ltr'>Catilinam</span> <span class='ocrx_word' id='word_1_181' title='bbox 977 2507 1071 2588; x_wconf 81' lang='lat' dir='ltr'>culpat</span> <span class='ocrx_word' id='word_1_182' title='bbox 1081 2502 1130 2562; x_wconf 41' lang='lat' dir='ltr'>‘ba‘</span> 
     </span>
     <span class='ocr_line' id='line_1_26' title="bbox 131 2587 1135 2677; baseline -0.003 -23"><span class='ocrx_word' id='word_1_183' title='bbox 131 2595 231 2669; x_wconf 88' lang='lat' dir='ltr'>buisse</span> <span class='ocrx_word' id='word_1_184' title='bbox 261 2594 356 2657; x_wconf 77' lang='lat' dir='ltr'>&#39;satis</span> <span class='ocrx_word' id='word_1_185' title='bbox 385 2593 627 2677; x_wconf 85' lang='lat' dir='ltr'>eloquentiae,</span> <span class='ocrx_word' id='word_1_186' title='bbox 660 2597 861 2675; x_wconf 88' lang='lat' dir='ltr'>sapientiae</span> <span class='ocrx_word' id='word_1_187' title='bbox 889 2615 1020 2676; x_wconf 93' lang='lat' dir='ltr'>parum.</span> <span class='ocrx_word' id='word_1_188' title='bbox 1062 2587 1135 2655; x_wconf 66' lang='lat' dir='ltr'>und&lt;l</span> 
     </span>
     <span class='ocr_line' id='line_1_27' title="bbox 92 2665 1137 2766; baseline -0.002 -23"><span class='ocrx_word' id='word_1_189' title='bbox 92 2697 118 2736; x_wconf 81' lang='grc'>25</span> <span class='ocrx_word' id='word_1_190' title='bbox 132 2703 184 2745; x_wconf 90' lang='lat' dir='ltr'>ave</span> <span class='ocrx_word' id='word_1_191' title='bbox 217 2685 295 2746; x_wconf 92' lang='lat' dir='ltr'>dicto</span> <span class='ocrx_word' id='word_1_192' title='bbox 327 2703 396 2745; x_wconf 83' lang='lat' dir='ltr'>mox</span> <span class='ocrx_word' id='word_1_193' title='bbox 428 2684 491 2745; x_wconf 90' lang='lat' dir='ltr'>vale</span> <span class='ocrx_word' id='word_1_194' title='bbox 520 2685 655 2766; x_wconf 79' lang='lat' dir='ltr'>dicimus,</span> <span class='ocrx_word' id='word_1_195' title='bbox 702 2692 782 2745; x_wconf 90' lang='lat' dir='ltr'>orate</span> <span class='ocrx_word' id='word_1_196' title='bbox 811 2703 865 2764; x_wconf 94' lang='lat' dir='ltr'>pro</span> <span class='ocrx_word' id='word_1_197' title='bbox 893 2674 989 2746; x_wconf 79' lang='lat' dir='ltr'>nbbis</span> <span class='ocrx_word' id='word_1_198' title='bbox 1034 2683 1061 2748; x_wconf 86' lang='lat'>3.</span> <span class='ocrx_word' id='word_1_199' title='bbox 1085 2665 1137 2741; x_wconf 75' lang='lat' dir='ltr'>sed</span> 
     </span>
     <span class='ocr_line' id='line_1_28' title="bbox 46 2765 1140 2855; baseline 0.001 -23"><span class='ocrx_word' id='word_1_200' title='bbox 46 2766 49 2771; x_wconf 71' lang='grc'><strong>’</strong></span> <span class='ocrx_word' id='word_1_201' title='bbox 129 2772 205 2833; x_wconf 88' lang='lat' dir='ltr'>bene</span> <span class='ocrx_word' id='word_1_202' title='bbox 229 2782 287 2855; x_wconf 90' lang='lat' dir='ltr'>est,</span> <span class='ocrx_word' id='word_1_203' title='bbox 314 2774 390 2834; x_wconf 90' lang='lat' dir='ltr'>bene</span> <span class='ocrx_word' id='word_1_204' title='bbox 419 2781 477 2855; x_wconf 88' lang='lat' dir='ltr'>est,</span> <span class='ocrx_word' id='word_1_205' title='bbox 506 2776 574 2853; x_wconf 91' lang='lat' dir='ltr'>quia</span> <span class='ocrx_word' id='word_1_206' title='bbox 597 2773 761 2834; x_wconf 91' lang='lat' dir='ltr'>chartulam</span> <span class='ocrx_word' id='word_1_207' title='bbox 788 2776 846 2833; x_wconf 90' lang='lat' dir='ltr'>iam</span> <span class='ocrx_word' id='word_1_208' title='bbox 875 2776 994 2854; x_wconf 91' lang='lat' dir='ltr'>iamque</span> <span class='ocrx_word' id='word_1_209' title='bbox 1022 2765 1140 2851; x_wconf 76' lang='lat' dir='ltr'>compli‘</span> 
     </span>
    </p>
   </div>
   <div class='ocr_carea' id='block_1_5' title="bbox 112 2961 1155 3608">
    <p class='ocr_par' dir='ltr' id='par_1_8' title="bbox 201 2961 582 3032">
     <span class='ocr_line' id='line_1_29' title="bbox 201 2961 582 3032; baseline 0.01 -19"><span class='ocrx_word' id='word_1_210' title='bbox 201 2966 236 3013; x_wconf 83' lang='grc'>24</span> <span class='ocrx_word' id='word_1_211' title='bbox 256 2961 534 3032; x_wconf 61' lang='lat' dir='ltr'>collusionem.</span> <span class='ocrx_word' id='word_1_212' title='bbox 578 2972 582 2980; x_wconf 83' lang='lat'><em>‘</em></span> 
     </span>
    </p>

    <p class='ocr_par' dir='ltr' id='par_1_9' title="bbox 125 3023 1155 3532">
     <span class='ocr_line' id='line_1_30' title="bbox 201 3023 1148 3110; baseline 0.006 -27"><span class='ocrx_word' id='word_1_213' title='bbox 201 3036 217 3083; x_wconf 92' lang='grc'>2</span> <span class='ocrx_word' id='word_1_214' title='bbox 238 3033 343 3087; x_wconf 86' lang='lat' dir='ltr'>sanctis</span> <span class='ocrx_word' id='word_1_215' title='bbox 367 3034 549 3089; x_wconf 78' lang='lat' dir='ltr'>Wilooroaoe&#39;tz</span> <span class='ocrx_word' id='word_1_216' title='bbox 565 3035 569 3103; x_wconf 85' lang='grc'>1</span> <span class='ocrx_word' id='word_1_217' title='bbox 587 3032 736 3087; x_wconf 83' lang='lat' dir='ltr'>obfulserit</span> <span class='ocrx_word' id='word_1_218' title='bbox 756 3034 792 3101; x_wconf 87' lang='lat' dir='ltr'>F,</span> <span class='ocrx_word' id='word_1_219' title='bbox 811 3032 950 3088; x_wconf 88' lang='lat' dir='ltr'>effulserit</span> <span class='ocrx_word' id='word_1_220' title='bbox 967 3035 1047 3090; x_wconf 75' lang='lat' dir='ltr'>malit</span> <span class='ocrx_word' id='word_1_221' title='bbox 1059 3023 1148 3110; x_wconf 94' lang='grc' dir='ltr'><em>Μ</em></span> 
     </span>
     <span class='ocr_line' id='line_1_31' title="bbox 126 3103 1150 3176; baseline -0.002 -20"><span class='ocrx_word' id='word_1_222' title='bbox 126 3103 249 3170; x_wconf 68' lang='lat' dir='ltr'>polenum</span> <span class='ocrx_word' id='word_1_223' title='bbox 271 3105 318 3159; x_wconf 82' lang='lat' dir='ltr'>sed</span> <span class='ocrx_word' id='word_1_224' title='bbox 341 3105 376 3172; x_wconf 82' lang='lat' dir='ltr'>cf.</span> <span class='ocrx_word' id='word_1_225' title='bbox 398 3104 461 3160; x_wconf 79' lang='lat' dir='ltr'>Ood.</span> <span class='ocrx_word' id='word_1_226' title='bbox 484 3106 582 3160; x_wconf 79' lang='lat' dir='ltr'>Theod.</span> <span class='ocrx_word' id='word_1_227' title='bbox 600 3105 644 3172; x_wconf 80' lang='grc' dir='ltr'>ΙΙ,</span> <span class='ocrx_word' id='word_1_228' title='bbox 662 3108 689 3172; x_wconf 82' lang='lat'>8,</span> <span class='ocrx_word' id='word_1_229' title='bbox 704 3110 742 3160; x_wconf 82' lang='lat'>25</span> <span class='ocrx_word' id='word_1_230' title='bbox 764 3103 795 3158; x_wconf 86' lang='lat' dir='ltr'>in</span> <span class='ocrx_word' id='word_1_231' title='bbox 819 3121 853 3158; x_wconf 84' lang='lat' dir='ltr'>ea</span> <span class='ocrx_word' id='word_1_232' title='bbox 876 3107 922 3173; x_wconf 81' lang='lat' dir='ltr'>(sc.</span> <span class='ocrx_word' id='word_1_233' title='bbox 942 3104 999 3176; x_wconf 88' lang='lat' dir='ltr'>die)</span> <span class='ocrx_word' id='word_1_234' title='bbox 1023 3105 1071 3160; x_wconf 89' lang='lat' dir='ltr'>aut</span> <span class='ocrx_word' id='word_1_235' title='bbox 1089 3107 1150 3154; x_wconf 75' lang='lat'>1111&#39;</span> 
     </span>
     <span class='ocr_line' id='line_1_32' title="bbox 131 3165 1152 3246; baseline 0.002 -20"><span class='ocrx_word' id='word_1_236' title='bbox 131 3171 203 3242; x_wconf 89' lang='lat' dir='ltr'>perii</span> <span class='ocrx_word' id='word_1_237' title='bbox 216 3174 307 3226; x_wconf 82' lang='lat' dir='ltr'>nostri</span> <span class='ocrx_word' id='word_1_238' title='bbox 322 3179 399 3228; x_wconf 89' lang='lat' dir='ltr'>ortus</span> <span class='ocrx_word' id='word_1_239' title='bbox 416 3219 440 3230; x_wconf 92' lang='lat'>..</span> <span class='ocrx_word' id='word_1_240' title='bbox 456 3174 594 3230; x_wconf 86' lang='lat' dir='ltr'>offulserit</span> <span class='ocrx_word' id='word_1_241' title='bbox 606 3178 646 3244; x_wconf 79' lang='grc'>115</span> <span class='ocrx_word' id='word_1_242' title='bbox 666 3175 711 3230; x_wconf 88' lang='lat' dir='ltr'>dei</span> <span class='ocrx_word' id='word_1_243' title='bbox 728 3176 764 3246; x_wconf 88' lang='lat' dir='ltr'>F,</span> <span class='ocrx_word' id='word_1_244' title='bbox 782 3175 848 3230; x_wconf 90' lang='lat' dir='ltr'>fidei</span> <span class='ocrx_word' id='word_1_245' title='bbox 862 3176 901 3230; x_wconf 83' lang='lat' dir='ltr'><strong><em>M</em></strong></span> <span class='ocrx_word' id='word_1_246' title='bbox 904 3177 977 3246; x_wconf 80' lang='lat' dir='ltr'>ch</span> <span class='ocrx_word' id='word_1_247' title='bbox 992 3182 1025 3231; x_wconf 80' lang='lat'>14</span> <span class='ocrx_word' id='word_1_248' title='bbox 1042 3165 1152 3244; x_wconf 60' lang='lat' dir='ltr'>quibu?</span> 
     </span>
     <span class='ocr_line' id='line_1_33' title="bbox 133 3219 1153 3317; baseline 0 -20"><span class='ocrx_word' id='word_1_249' title='bbox 133 3244 219 3298; x_wconf 76' lang='lat' dir='ltr'>enam</span> <span class='ocrx_word' id='word_1_250' title='bbox 239 3245 344 3315; x_wconf 75' lang='lat' dir='ltr'>Man,</span> <span class='ocrx_word' id='word_1_251' title='bbox 364 3246 532 3313; x_wconf 79' lang='lat' dir='ltr'>quibusdam</span> <span class='ocrx_word' id='word_1_252' title='bbox 553 3246 640 3300; x_wconf 69' lang='lat' dir='ltr'>eciam</span> <span class='ocrx_word' id='word_1_253' title='bbox 661 3247 689 3312; x_wconf 87' lang='lat' dir='ltr'>o,</span> <span class='ocrx_word' id='word_1_254' title='bbox 709 3246 810 3315; x_wconf 83' lang='lat' dir='ltr'>quibus</span> <span class='ocrx_word' id='word_1_255' title='bbox 829 3249 925 3301; x_wconf 73' lang='lat' dir='ltr'>tamen</span> <span class='ocrx_word' id='word_1_256' title='bbox 944 3248 1115 3317; x_wconf 63' lang='lat' dir='ltr'>noeoeane</span> <span class='ocrx_word' id='word_1_257' title='bbox 1142 3219 1153 3287; x_wconf 80' lang='lat' dir='ltr'>l</span> 
     </span>
     <span class='ocr_line' id='line_1_34' title="bbox 134 3308 1155 3407; baseline 0 -38"><span class='ocrx_word' id='word_1_258' title='bbox 134 3321 166 3369; x_wconf 79' lang='lat'>15</span> <span class='ocrx_word' id='word_1_259' title='bbox 186 3316 278 3385; x_wconf 83' lang='lat' dir='ltr'>Aptae</span> <span class='ocrx_word' id='word_1_260' title='bbox 293 3316 440 3385; x_wconf 66' lang='lat' dir='ltr'>Sirmood,</span> <span class='ocrx_word' id='word_1_261' title='bbox 459 3320 524 3387; x_wconf 85' lang='lat' dir='ltr'>apte</span> <span class='ocrx_word' id='word_1_262' title='bbox 539 3318 615 3373; x_wconf 85' lang='lat' dir='ltr'>codd.</span> <span class='ocrx_word' id='word_1_263' title='bbox 630 3321 639 3388; x_wconf 86' lang='grc' dir='ltr'>ΙΙ</span> <span class='ocrx_word' id='word_1_264' title='bbox 653 3323 688 3372; x_wconf 89' lang='grc'>20</span> <span class='ocrx_word' id='word_1_265' title='bbox 703 3317 869 3372; x_wconf 81' lang='lat' dir='ltr'>salutationi</span> <span class='ocrx_word' id='word_1_266' title='bbox 885 3319 910 3372; x_wconf 90' lang='lat' dir='ltr'>si</span> <span class='ocrx_word' id='word_1_267' title='bbox 923 3320 1000 3375; x_wconf 85' lang='lat' dir='ltr'>codd.</span> <span class='ocrx_word' id='word_1_268' title='bbox 1014 3323 1023 3386; x_wconf 84' lang='grc' dir='ltr'>ΙΙ</span> <span class='ocrx_word' id='word_1_269' title='bbox 1037 3325 1066 3372; x_wconf 88' lang='grc'>21</span> <span class='ocrx_word' id='word_1_270' title='bbox 1084 3308 1155 3407; x_wconf 60' lang='lat' dir='ltr'>noss,</span> 
     </span>
     <span class='ocr_line' id='line_1_35' title="bbox 133 3386 1154 3460; baseline 0.001 -20"><span class='ocrx_word' id='word_1_271' title='bbox 133 3388 263 3458; x_wconf 83' lang='lat' dir='ltr'>deportet</span> <span class='ocrx_word' id='word_1_272' title='bbox 288 3386 311 3442; x_wconf 85' lang='lat'><em>0</em></span> <span class='ocrx_word' id='word_1_273' title='bbox 337 3387 341 3458; x_wconf 74' lang='lat' dir='ltr'>l</span> <span class='ocrx_word' id='word_1_274' title='bbox 370 3405 408 3441; x_wconf 85' lang='lat' dir='ltr'>oo</span> <span class='ocrx_word' id='word_1_275' title='bbox 433 3388 556 3442; x_wconf 83' lang='lat' dir='ltr'>activam</span> <span class='ocrx_word' id='word_1_276' title='bbox 583 3388 714 3458; x_wconf 87' lang='lat' dir='ltr'>deportet</span> <span class='ocrx_word' id='word_1_277' title='bbox 738 3389 905 3444; x_wconf 80' lang='lat' dir='ltr'>materiam?</span> <span class='ocrx_word' id='word_1_278' title='bbox 933 3390 1103 3460; x_wconf 67' lang='lat' dir='ltr'>Meetjobooo</span> <span class='ocrx_word' id='word_1_279' title='bbox 1151 3420 1154 3429; x_wconf 86' lang='lat'>·</span> 
     </span>
     <span class='ocr_line' id='line_1_36' title="bbox 125 3457 1113 3532; baseline 0.003 -19"><span class='ocrx_word' id='word_1_280' title='bbox 125 3465 161 3513; x_wconf 83' lang='grc'>24</span> <span class='ocrx_word' id='word_1_281' title='bbox 176 3477 282 3530; x_wconf 82' lang='lat' dir='ltr'>parum</span> <span class='ocrx_word' id='word_1_282' title='bbox 302 3457 461 3530; x_wconf 81' lang='lat' dir='ltr'>sapientiae</span> <span class='ocrx_word' id='word_1_283' title='bbox 482 3460 525 3528; x_wconf 78' lang='lat' dir='ltr'>ou</span> <span class='ocrx_word' id='word_1_284' title='bbox 538 3466 572 3515; x_wconf 84' lang='grc'>26</span> <span class='ocrx_word' id='word_1_285' title='bbox 592 3459 780 3528; x_wconf 86' lang='lat' dir='ltr'>iamiamque</span> <span class='ocrx_word' id='word_1_286' title='bbox 799 3461 890 3532; x_wconf 80' lang='lat' dir='ltr'>culpo,</span> <span class='ocrx_word' id='word_1_287' title='bbox 908 3460 1021 3530; x_wconf 84' lang='lat' dir='ltr'>iamque</span> <span class='ocrx_word' id='word_1_288' title='bbox 1039 3457 1113 3516; x_wconf 79' lang='lat' dir='ltr'>codd·</span> 
     </span>
    </p>

    <p class='ocr_par' dir='ltr' id='par_1_10' title="bbox 112 3530 1001 3608">
     <span class='ocr_line' id='line_1_37' title="bbox 112 3530 1001 3608; baseline 0.009 -24"><span class='ocrx_word' id='word_1_289' title='bbox 112 3530 233 3605; x_wconf 82' lang='lat' dir='ltr'>iamque</span> <span class='ocrx_word' id='word_1_290' title='bbox 254 3532 325 3606; x_wconf 85' lang='lat' dir='ltr'>quia</span> <span class='ocrx_word' id='word_1_291' title='bbox 346 3531 490 3589; x_wconf 81' lang='lat' dir='ltr'>cartulam</span> <span class='ocrx_word' id='word_1_292' title='bbox 510 3532 533 3590; x_wconf 81' lang='lat' dir='ltr'>O</span> <span class='ocrx_word' id='word_1_293' title='bbox 544 3534 558 3605; x_wconf 70' lang='lat' dir='ltr'>t</span> <span class='ocrx_word' id='word_1_294' title='bbox 768 3568 787 3608; x_wconf 54' lang='lat' dir='ltr'>a,</span> <span class='ocrx_word' id='word_1_295' title='bbox 997 3557 1001 3565; x_wconf 93' lang='lat'>·</span> 
     </span>
    </p>
   </div>
   <div class='ocr_carea' id='block_1_6' title="bbox 0 0 1214 3854">
    <p class='ocr_par' dir='ltr' id='par_1_11' title="bbox 0 0 1214 3854">
     <span class='ocr_line' id='line_1_38' title="bbox 0 0 1214 3854; baseline 0 0"><span class='ocrx_word' id='word_1_296' title='bbox 0 0 1214 3854; x_wconf 95' lang='lat' dir='ltr'> </span> 
     </span>
    </p>
   </div>
  </div>
 </body>
</html>
