2414 3864
98 139 176 193 XXII
494 137 711 193 PRAEFATIO.

98 295 129 348 et
151 291 294 349 salutatio
300 310 311 358 ;
334 287 370 347 cl.
390 287 491 348 Fausti
515 294 544 348 et
566 287 681 348 Ruricii
704 289 789 366 epist.
808 283 936 368 p.195,
957 286 1011 367 143
1037 285 1118 369 215,

100 374 156 457 12,
179 374 255 457 218,
274 374 307 457 83
336 373 410 457 368,
431 374 485 457 163
509 374 584 458 407,
604 374 623 438 6
643 377 678 437 al.
703 369 743 459 (v.
762 376 899 455 Engelbr.
920 372 1005 460 ind).
1055 378 1117 438 Sed

97 468 188 526 etiam
201 470 339 542 sospitas,
358 467 416 526 etsi
430 467 538 546 rarius,
557 465 681 526 eandem
694 466 771 526 hanc
786 468 846 526 vim
864 466 962 546 habet,
980 474 1014 527 ut
1032 467 1116 547 apud

97 555 157 615 Alc.
176 555 251 615 Avit.
269 573 297 633 p.
313 552 365 634 61,
379 552 423 615 23
438 554 686 630 frequentandae
703 558 872 632 sospitatis;
893 553 943 636 77,
959 553 999 616 17
1016 575 1114 632 prae-

94 644 162 720 fato
186 647 379 720 inanissimae
401 647 554 722 sospitatis
577 646 699 705 bonore.
719 678 761 686 -
780 643 821 704 lb.
840 642 949 705 Leonis
969 646 1116 724 optimam

97 735 298 793 coniecturam
322 734 472 793 Reatinus
495 734 604 811 recepi.
624 766 666 774 -
689 732 730 806 lb,
750 732 772 793 4
795 751 978 809 quemqnam
1000 737 1115 794 mutari

96 820 198 902 nolim,
221 839 290 881 cum
311 820 384 881 baec
408 822 447 881 sit
470 823 630 882 sententia:
657 824 790 902 quamvis
813 840 867 901 per
891 840 994 883 omues
1016 821 1115 883 libros

96 918 165 971 tuos
189 912 358 971 continuata
381 912 535 970 maturitas
559 918 707 991 appareat,
730 918 829 972 tamen
853 913 943 971 etiam
966 914 1114 973 teneritu-

96 1000 198 1060 dinem
221 998 356 1059 admittit.
382 1033 424 1042 —
446 998 487 1059 lb.
507 996 528 1061 5
551 1018 587 1060 ex
610 998 679 1059 LN‘
701 1003 901 1076 horoscopum
927 1002 1043 1080 scripsi.
1070 1036 1114 1044 -

97 1088 138 1148 lb.
159 1087 179 1150 o
203 1089 401 1148 nominativus
427 1090 536 1150 Platon
564 1091 595 1148 io
618 1087 641 1148 L
670 1095 802 1149 servatus
831 1082 882 1171 (cl.
902 1108 947 1167 ep.
966 1088 1012 1169 lV,
1034 1089 1062 1169 1,
1083 1087 1114 1170 3,

96 1176 149 1237 ubi
173 1178 266 1237 ceteri
289 1194 406 1256 quoque
434 1176 504 1237 libri
531 1177 655 1238 eandem
683 1178 808 1238 sormam
836 1171 991 1260 exhibent)
1020 1181 1113 1238 otiam

97 1265 250 1327 Claudiani
279 1264 415 1326 Mamerti
446 1269 587 1345 proprius
620 1273 673 1326 cst.
698 1301 739 1309 —
767 1264 853 1328 lb.8
887 1285 955 1327 cum
983 1265 1009 1325 N
1041 1286 1112 1328 cum

95 1354 220 1434 reliquis
244 1354 396 1415 codicibus
420 1363 522 1416 contra
541 1354 565 1414 L
589 1358 758 1416 consentire
776 1355 917 1434 viderem,
940 1364 1112 1432 quaternas

95 1447 255 1505 restituere
278 1442 386 1504 melius
409 1444 488 1504 duxi.
509 1479 551 1487 —-
570 1444 615 1524 lv,
633 1442 664 1524 4,
687 1443 701 1505 l
726 1442 964 1522 Luctjohannum
988 1452 1112 1505 secutus

95 1540 206 1594 venata
229 1535 261 1592 in
283 1539 397 1594 textum
416 1535 526 1614 recepi,
549 1551 609 1593 non
629 1550 686 1612 quo
701 1531 860 1593 verborum
879 1534 1112 1594 concinnitatem

96 1621 294 1701 quaerendam
318 1639 384 1682 esse
408 1628 544 1701 putarem
568 1657 610 1665 —
634 1639 702 1682 nam
724 1639 785 1681 non
809 1621 901 1682 semel
921 1622 999 1700 apud
1023 1621 1112 1682 Sido-

94 1713 178 1771 nium
210 1729 302 1771 unum
333 1709 380 1770 vel
408 1711 466 1771 duo
493 1711 668 1772 bimembria
696 1728 771 1790 quae
799 1709 939 1771 dicuntur
967 1711 1111 1790 asyndeta

94 1799 267 1860 trimembre
292 1801 415 1881 excipit,
444 1807 477 1860 ut
500 1818 545 1879 ep.
564 1800 586 1880 Ι,
605 1797 634 1879 6,
653 1797 687 1881 2,
716 1799 761 1879 lV,
780 1797 873 1880 22,-3
897 1834 939 1843 -
964 1799 1016 1860 sed
1040 1809 1111 1861 ante

94 1896 203 1950 natata
226 1889 283 1949 hoc
305 1887 481 1949 vocabulum
505 1888 590 1950 facile
613 1889 792 1949 intercidere
813 1891 918 1969 potuit,
942 1889 1020 1967 quod
1043 1896 1112 1949 tum

94 1980 126 2037 in
145 1977 195 2038 CF
219 1977 299 2038 ielici
321 1984 355 2038 ut
373 1978 490 2038 videtur
514 1980 683 2038 coniectura
702 1984 912 2056 recuperatum
930 1985 983 2037 est.
1004 2012 1046 2020 —
1060 1978 1110 2038 lb.

94 2070 247 2140 venerari,
271 2067 349 2145 quod
368 2068 398 2126 in
419 2066 441 2128 G
460 2086 514 2146 pro
533 2070 684 2129 honorari
700 2066 818 2147 legitur,
841 2084 901 2127 non
920 2075 965 2127 est
983 2066 1111 2127 dubium

95 2157 166 2235 quin
194 2154 405 2234 interpolatum
433 2158 479 2215 sit.
526 2155 669 2216 Similiter
696 2162 784 2234 atque
811 2155 860 2215 hic
889 2157 1033 2234 scriptum
1063 2163 1113 2216 est

95 2245 171 2323 apud
199 2243 341 2304 Faustum
364 2263 391 2323 p.
414 2242 525 2325 197,8
549 2263 641 2320 anae,
668 2249 749 2306 sicat
775 2247 933 2306 moderari
958 2248 1110 2319 convenit,

94 2337 138 2394 ita
162 2352 285 2395 necesse
308 2341 352 2394 est
371 2337 534 2409 duplicari.
553 2368 595 2377 -
614 2333 660 2413 lV,
679 2329 742 2414 5‚1
769 2335 900 2394 debebas
917 2339 998 2392 recte
1018 2331 1109 2394 Luct-

91 2420 240 2500 johanuus
263 2440 299 2482 ex
323 2440 382 2482 uuo
405 2421 429 2481 L
452 2425 578 2503 recepit,
606 2441 674 2482 nam
703 2424 730 2482 si
757 2423 943 2482 coniunctivo
972 2440 1008 2481 ex
1036 2440 1111 2483 voce

94 2515 252 2586 indiacum
275 2511 423 2590 pendente
445 2528 520 2589 opus
540 2518 628 2592 esset,
652 2513 783 2572 debendi
799 2511 923 2571 verbum
942 2510 990 2570 hic
1009 2509 1110 2571 locum

94 2617 154 2659 noo
182 2599 318 2680 haberet,
347 2600 400 2660 sed
427 2602 572 2661 scribatis
599 2607 847 2678 exspectaremus.
893 2599 951 2659 Pro
979 2601 1110 2678 genuina

94 2688 221 2749 lectione
254 2706 321 2747 cum
354 2691 386 2748 in
417 2687 443 2747 N
475 2687 666 2767 neglegenter
699 2691 810 2751 debeas
842 2691 986 2767 scriptum
1019 2696 1110 2769 esset,

93 2776 260 2856 corruptela
298 2777 457 2857 gliscente,
494 2779 563 2856 quia
600 2777 759 2856 singularis
795 2795 938 2837 numerus
976 2777 1109 2837 librariis

95 2865 271 2945 displicebat
294 2858 395 2948 (paulo
420 2868 498 2927 enim
527 2874 594 2926 ante
622 2870 807 2928 meditemini
829 2866 940 2926 dictum
964 2860 1039 2948 est),
1070 2884 1109 2926 or

95 2957 206 3017 debeas
238 2955 347 3015 factum
380 2961 426 3014 cst
453 2956 662 3017 debeatis-
690 2954 799 3016 Contra
827 2953 865 3014 ib.
890 2953 910 3015 2
939 2965 1109 3014 ceterorum

95 3044 231 3104 codicum
264 3045 442 3122 scripturam
474 3051 565 3119 atone
598 3047 667 3105 item
695 3047 794 3105 desint
820 3042 1015 3103 contraire
1043 3046 1109 3104 sine

95 3131 278 3193 dubitatione
302 3134 412 3210 recepi.
437 3167 478 3174 —
501 3131 543 3192 lb.
567 3132 646 3211 quod
669 3132 746 3193 inC
774 3135 850 3193 illud
870 3138 938 3211 post
962 3136 1111 3208 quicquid

95 3223 250 3299 omittitur,
274 3239 290 3280 a
305 3219 421 3281 Sidonii
439 3239 547 3299 genere
566 3220 685 3282 dicendi
704 3220 856 3301 abhorret,
879 3221 915 3280 cf.
931 3239 976 3300 ep.
992 3221 1026 3302 ΙΙ,
1045 3223 1071 3302 1,
1086 3220 1109 3283 4

95 3304 161 3394 (ubi
180 3309 202 3371 C
222 3311 295 3370 item
313 3310 483 3370 inusitatius
502 3313 649 3385 quicquid
667 3319 711 3371 est
730 3313 806 3372 illud
823 3304 939 3392 habet),
958 3309 1004 3389 lV,
1020 3308 1071 3390 24,
1087 3310 1108 3372 6

95 3403 231 3475 quisquis
255 3402 304 3459 ille
325 3397 423 3473 faerit
445 3402 604 3474 lananoris
627 3407 767 3469 eventum
794 3397 825 3477 V,
844 3396 874 3478 2,
893 3397 927 3479 2,
951 3398 982 3479 V,
1006 3397 1108 3480 14,1;

95 3488 150 3563 ΙΙΙ,
171 3485 227 3566 15,
246 3485 285 3567 2,·
314 3485 387 3568 Vlll,
408 3483 441 3568 9,
462 3485 490 3549 2.
517 3521 558 3530 -
582 3487 627 3570 lV,
645 3485 681 3569 6,
699 3485 719 3549 2
742 3486 965 3576 Wilamowitzio
994 3488 1109 3550 hiatum
