2414 3864
441 110 593 166 OARMEN
610 111 643 167 V.

108 262 150 323 in
175 279 306 341 pugnam
329 262 425 341 pirata
449 263 521 322 coit:
545 279 614 340 pars
636 260 726 321 lint-re
750 267 850 321 cavata

113 352 181 411 iam
205 349 317 411 dociles
340 352 462 429 exponit
485 368 586 431 equos,
609 368 678 429 pars
703 349 798 411 ferrea
822 357 902 411 texta

71 447 92 494 o
115 439 263 501 concolor
284 439 427 520 induitur,
450 445 561 499 teretes
584 438 805 518 parsexplicat
828 457 915 500 arcus

117 528 296 608 spiculaque
320 529 452 589 inlusum
475 529 555 589 lerro
578 527 674 588 latura
696 545 853 608 venenum,

118 636 197 696 quae
222 617 329 677 leriam
352 617 399 678 bis
422 619 514 677 missa
538 615 638 677 semel.
682 618 740 676 iam
764 617 876 678 textilis
900 619 1004 695 anguis

121 706 267 767 discurrit
290 723 344 785 per
367 713 524 784 utramque
547 707 650 786 aciem,
674 707 723 766 cui
746 713 848 784 guttur
871 707 982 768 adactis

120 797 268 874 turgescit
290 795 440 877 zephyris3
463 794 563 873 patulo
587 796 731 855 mentitur
754 795 836 856 hiatu

70 887 102 940 lo
121 885 229 945 iratam
252 885 369 963 pictura
391 884 508 964 samem,
530 901 688 962 pannoque
711 883 843 944 furorem

121 991 193 1033 aura
218 972 296 1052 facit,
320 974 457 1051 quotiens
481 980 631 1032 crassatur
653 971 757 1032 vertile
780 980 899 1052 tergum

121 1061 251 1142 datibus,
274 1069 304 1121 et
327 1063 452 1121 nimium
475 1063 534 1121 iam
557 1079 625 1121 non
642 1063 720 1140 capit
744 1060 826 1122 alvus
849 1064 946 1123 inane.

122 1157 151 1210 at
168 1149 246 1221 ,tuba
268 1152 417 1211 terrisono
441 1153 569 1229 strepuit
592 1169 679 1229 grave
703 1168 792 1210 rauca
815 1151 942 1232 fragore,

123 1245 280 1318 responsat
303 1239 413 1299 clamor
436 1239 529 1320 lituis,
552 1241 705 1317 virtusque
729 1245 852 1318 repente

70 1329 106 1384 10
123 1329 236 1407 ignavis
259 1327 305 1388 vel
327 1347 416 1408 parva
439 1329 519 1389 lurit.
567 1328 645 1388 cadit
668 1328 800 1407 undique
823 1328 945 1409 ferrum,

122 1417 191 1477 hinc
214 1419 367 1477 tamenin
390 1416 520 1497 iugulos:
543 1417 623 1478 bunc
645 1423 723 1477 torta
746 1417 864 1478 falarica
887 1419 966 1478 iactu

122 1507 257 1586 proterit,
280 1505 316 1566 ad
339 1513 465 1568 mortem
488 1509 537 1566 vix
560 1513 713 1567 cessatura
736 1506 909 1587 secundam,

122 1595 201 1655 hunc
225 1596 306 1655 conti
328 1603 405 1656 rotat
427 1598 519 1677 ictus3
543 1613 620 1674 equo
644 1597 705 1656 ruit
728 1595 829 1675 aclyde
853 1595 951 1656 fossus

123 1683 171 1743 ille
194 1701 326 1762 veruque
349 1684 437 1766 alius3
459 1687 536 1745 iacet
558 1684 608 1744 hic
631 1684 720 1744 simul
744 1683 812 1744 alite
834 1684 904 1765 telo,

70 1777 106 1830 15
122 1772 276 1833 absentem
297 1791 403 1852 passus
427 1774 574 1855 dextram,
596 1792 666 1854 pars
689 1771 801 1852 poplite
825 1782 907 1834 secto

121 1863 227 1921 mortis
251 1861 287 1921 ad
310 1863 451 1923 invidiam
474 1866 554 1943 vivit,
576 1869 750 1942 partemque
774 1861 892 1923 cerebri

121 1950 171 2010 hic
194 1949 294 2028 galeae
318 1970 386 2012 cum
408 1958 492 2030 parte
515 1954 602 2032 rapit,
625 1952 755 2030 fortique
778 1951 889 2013 lacerto

121 2039 239 2099 dissicit
262 2041 384 2118 ancipiti
407 2038 575 2100 miserabile
600 2043 730 2120 sinciput
753 2059 833 2102 ense.

121 2135 155 2189 ut
177 2129 309 2207 primum
331 2130 426 2189 versis
450 2128 500 2189 dat
521 2135 638 2208 tergum
662 2129 808 2190 Vandalus
832 2133 933 2211 armis,

73 2228 103 2277 20
122 2217 256 2278 succedit
279 2218 385 2278 caedes
408 2236 536 2297 pugnae:
561 2218 732 2280 discrimine
756 2218 837 2279 nullo

122 2313 298 2367 sternuntur
319 2309 430 2386 passim
454 2309 575 2389 campis,
598 2314 629 2368 et
650 2309 738 2368 lortia
762 2326 896 2387 quaeque

122 2396 193 2455 lecit
215 2397 305 2456 iners.
351 2396 518 2475 trepidante
541 2398 610 2475 luga
633 2414 714 2456 mare
737 2395 866 2475 pallidus
889 2399 983 2458 intrat

123 2490 153 2543 et
175 2501 264 2545 naves
287 2487 451 2564 pertransit
473 2504 574 2566 cqueS,
598 2487 737 2563 turpique
760 2491 862 2546 natatu

123 2572 160 2632 de
183 2572 285 2652 pelago
309 2574 345 2635 ad
369 2573 504 2653 cymbam
526 2574 624 2634 rediit.
671 2575 715 2633 sic
737 2576 827 2634 tertia
850 2573 958 2653 Pyrrhi

70 2674 103 2723 25
123 2661 272 2740 quondam
294 2681 393 2743 pugna
416 2663 486 2723 luit:
510 2665 605 2723 caesis
628 2680 697 2723 cum
719 2661 840 2722 milibus
864 2662 948 2723 illum

122 2749 266 2811 Dentatus
288 2759 447 2833 premeret,
470 2751 584 2812 lacerae
607 2754 655 2811 vix
679 2751 824 2830 fragmina
847 2751 951 2813 classis

123 2841 213 2899 traxit
235 2841 267 2899 in
289 2840 422 2921 Epirum,
446 2843 498 2920 qui
521 2840 654 2902 Chaonas
678 2848 765 2920 atque
788 2840 942 2922 lllolossos,

124 2930 177 3006 qui
199 2928 347 2989 Thracum
368 2929 574 3008 Macetumque
598 2948 703 2990 manus
726 2948 780 3008 per
803 2930 890 2991 litora
912 2937 1010 2992 vestra

124 3023 275 3094 sparserat
297 3025 327 3078 ct
350 3021 435 3079 cuius
458 3022 537 3078 vires
561 3017 701 3079 Oenotria
723 3017 837 3097 pallens

70 3120 106 3168 30
125 3106 260 3186 ipsaque,
283 3125 357 3185 quae
381 3110 476 3188 petiit,
499 3108 696 3186 trepidaverat
719 3115 809 3168 uncta
832 3109 986 3171 Tarentus.

105 3335 160 3384 4¹0
178 3329 234 3385 fuit
252 3330 290 3384 M
307 3333 317 3401 fl
339 3335 391 3384 412
410 3331 531 3400 proterit
548 3332 735 3401 Luctjobaan,
753 3332 873 3403 preterit
892 3332 951 3402 ΟΡ,
970 3349 1049 3402 prae·

70 3400 106 3528 pii?⁵
121 3402 233 3540 21¹5AE
234 3403 319 3546 lpdpv'l,
329 3401 395 3456 hinc
415 3403 462 3473 Py
476 3408 528 3457 418
548 3402 658 3457 dissicit
672 3405 722 3476 M]
742 3403 838 3460 disicit
857 3407 936 3473 (corr.
956 3420 989 3458 ea
1009 3403 1051 3456 di-
