2392 3854
104 159 169 224 318
494 157 646 214 CARMEN
666 159 723 215 XV.

193 308 299 369 Thales
323 309 371 369 hie
395 309 483 368 etiam
506 310 639 390 numeris
664 309 810 387 perquirit
834 316 864 369 et
887 311 985 390 astris,

142 411 176 460 80
196 399 344 459 defectum
367 404 401 458 ut
422 396 533 457 Phoebi
555 415 611 457 nee
635 416 695 457 non
718 397 878 477 Lunaeque
902 397 1024 458 laborem

193 489 311 549 nuntiet
334 488 479 567 anterius3
500 487 551 546 sed
575 485 665 547 rebus
688 486 792 547 inutile
815 489 901 566 ponit

193 579 386 656 principium,
410 576 480 636 dum
504 575 598 635 credit
621 577 705 654 aquis
729 574 895 636 subsistere
918 576 1052 637 mundum

193 666 282 726 huius
306 664 444 744 discipuli
466 682 551 724 versa
575 670 621 724 est
644 667 790 724 sententia
813 664 917 726 dicens

192 756 348 834 principiis
372 755 502 832 propriis
526 771 644 832 semper
667 771 715 813 res
740 771 872 833 quasque
896 755 1001 833 creari,

141 854 174 903 85
195 842 309 921 singula
332 844 384 921 qui
408 841 550 920 quosdam
573 843 670 902 fontes
689 841 824 902 decernit
846 842 955 903 habere

194 938 348 991 aeternnm
371 933 499 1010 irriguos
523 949 556 991 ac
579 949 680 991 rerum
704 933 817 991 semine
841 931 955 1010 plenos.

193 1020 273 1081 hunc
296 1022 386 1080 etiam
409 1021 556 1099 sequitur,
580 1023 632 1098 qui
655 1023 776 1098 gignere
800 1027 907 1080 cuneta
928 1018 1039 1100 putabat

194 1109 251 1170 hoc
274 1108 387 1169 caelum
410 1111 581 1188 pariterque
606 1108 677 1168 deos
700 1110 744 1169 sic
767 1115 901 1169 autumat
924 1116 1009 1170 ortae.

194 1206 317 1277 quartus
341 1198 526 1277 Anaxagoras
550 1197 698 1258 Thaletica
722 1197 858 1276 dogmata
882 1205 989 1278 servat,

140 1299 175 1348 90
195 1288 246 1348 sed
270 1288 401 1348 divinum
425 1289 555 1347 animum
580 1288 682 1366 sentit,
707 1288 757 1365 qui
781 1286 888 1348 feeerit
911 1287 1016 1348 orbem.

192 1378 292 1437 iunior
315 1377 384 1437 huic
408 1378 525 1436 iunctus
550 1375 661 1437 residet
684 1374 808 1456 collega,
832 1376 985 1437 sedidem

196 1467 350 1526 materiam
374 1466 489 1526 cunctis
512 1467 656 1525 creaturis
680 1482 748 1525 aera
772 1465 898 1525 credens

194 1555 305 1615 iudicat
328 1554 396 1615 inde
420 1554 520 1633 decim,
544 1553 655 1613 laceret
678 1571 736 1633 quo
760 1560 880 1634 cuneta,
904 1553 1014 1614 tulisse.

190 1650 258 1722 post
279 1643 334 1703 hos
355 1643 501 1703 Arcesilas
527 1641 625 1702 divina
648 1650 747 1703 mente
770 1649 903 1721 paratam

137 1741 170 1790 95
191 1734 300 1791 conicit
325 1731 400 1792 hanc
423 1731 543 1811 molem,
568 1732 730 1792 conlectam
753 1730 888 1810 partibus
913 1731 984 1812 iilis,

191 1837 264 1898 quas
288 1826 400 1880 atomos
424 1828 507 1881 voeat
530 1823 594 1899 ipse
618 1820 706 1880 leves.
748 1821 899 1881 Socratica
922 1829 990 1899 post
1010 1821 1081 1881 huno

191 1915 272 1968 secta
294 1910 397 1989 micat,
420 1927 494 1986 quae
518 1909 555 1968 de
578 1915 701 1969 naturae
725 1909 855 1988 pondere
879 1912 1009 1988 migrans

189 1996 224 2056 ad
248 2015 347 2056 mores
369 1997 521 2056 hominnm
545 1995 690 2057 limandos
713 1996 865 2059 transtulit
887 2017 984 2060 usum.

189 2086 264 2145 bano
288 2093 397 2146 sectam
421 2084 578 2164 perhibent
602 2104 751 2147 summum
774 2086 941 2148 excoluisse
964 2087 1090 2166 Platona,

119 2188 168 2236 100
189 2175 241 2236 sed
264 2174 376 2254 triplici
399 2175 541 2234 formasse
565 2174 667 2256 modo,
691 2175 760 2236 dnm
783 2178 899 2254 primus
924 2183 954 2238 et
976 2196 1050 2238 unus

188 2265 309 2344 physica
332 2264 378 2325 vel
401 2265 510 2345 logico,
532 2263 661 2343 logicum
685 2264 730 2325 vel
753 2266 849 2343 iungit
872 2265 907 2324 ad
932 2266 1023 2326 ethos,

187 2356 300 2414 invenit
322 2353 370 2414 bic
393 2357 548 2434 princeps,
573 2353 644 2433 quid
667 2356 762 2433 prima
785 2355 916 2414 essentia
939 2354 1028 2415 distet

188 2461 204 2502 a
228 2461 343 2503 summo
368 2450 509 2522 sextoque
533 2443 627 2522 bono,
650 2461 717 2502 cum
741 2443 870 2521 denique
894 2461 965 2503 saxa

188 2533 248 2591 sint
270 2538 384 2592 tantum
407 2535 585 2611 penitusque
608 2531 682 2591 nibil
705 2533 764 2591 nisi
787 2549 852 2591 esse
876 2531 1051 2611 probentur3

119 2631 168 2680 105
187 2623 321 2698 proxima
341 2621 508 2701 succedant,
519 2619 626 2700 quibus
641 2638 706 2680 esse
717 2628 746 2681 et
760 2623 859 2680 rivere
874 2628 1042 2701 promptum
1052 2615 1127 2680 est

187 2707 294 2770 addere
319 2712 385 2788 quis
408 2713 506 2789 possis
529 2709 571 2769 nil
595 2708 733 2789 amplius,
756 2708 844 2770 arbor
868 2717 898 2770 et
921 2709 1024 2790 herba3

186 2799 275 2856 tertia
299 2800 338 2860 sit
360 2816 515 2880 pecorum,
539 2816 665 2878 quorum
689 2816 754 2858 esse
779 2805 808 2858 et
830 2799 930 2859 vivere
953 2806 1033 2859 motu

189 2902 249 2944 non
272 2893 353 2947 earet
377 2894 407 2947 et
430 2906 532 2967 sensn3
556 2885 695 2947 mortales
719 2893 822 2965 quarta
845 2886 952 2948 deinde

187 2976 327 3052 respiciat
351 2977 463 3036 lactura
487 2994 572 3055 suoS,
599 2975 707 3055 quibus
731 2994 810 3055 esse,
834 2978 961 3058 moveri,

119 3074 170 3122 tto
188 3063 286 3122 vivere
311 3083 378 3124 aum
403 3083 492 3124 sensu
516 3064 614 3146 datur,
638 3072 667 3125 et
691 3066 893 3144 supereminet
916 3064 1000 3144 illud,

168 3236 202 3287 88
221 3233 275 3286 hoc
294 3235 404 3287 caelum
421 3252 482 3307 epo,
499 3236 573 3289 huno
593 3251 684 3289 aerem
704 3236 779 3291 codd.
799 3237 884 3304 (aera,
903 3252 954 3290 nos
977 3234 1104 3291 Waamo·

96 3307 173 3372 wilm
193 3302 239 3372 qui
261 3302 452 3378 [immensum]
472 3306 587 3376 gignere
606 3310 707 3360 cuneta
727 3309 731 3374 Ι
753 3322 820 3359 aera
838 3307 880 3360 ait
898 3307 965 3376 Leo)
982 3309 992 3375 l
1009 3310 1042 3359 94
1058 3314 1099 3356 ar·

97 3374 216 3430 chesilas
237 3375 327 3443 OPF,
347 3377 519 3432 archesilaus
536 3378 561 3431 Τ
579 3376 754 3446 (Archelaum
772 3378 894 3433 debuisse
911 3376 1055 3441 mainan,
1071 3371 1098 3424 ui

96 3465 117 3502 o.
135 3454 173 3504 89
190 3447 390 3516 Anaximenen,
408 3465 465 3504 aaa
485 3450 627 3504 Thaletica
645 3451 772 3520 dogmata
789 3455 879 3503 monet
896 3449 965 3518 Leo)
988 3449 993 3520 Ι
1011 3447 1095 3517 patro·

87 3522 149 3575 tam
172 3521 286 3596 Op104
306 3517 362 3576 nisi
380 3519 420 3592 id,
440 3536 512 3592 esse,
531 3521 585 3576 Leo
596 3521 673 3590 lilith
691 3520 789 3574 arbore
809 3520 901 3574 ΡΠῚ
911 3521 921 3589 ΙΙ
