2414 3864
127 173 291 232 SIDONIUS
309 174 454 231 DOMINO
473 173 591 230 PAPAE
609 174 791 231 MAMERTO
811 174 987 232 SALUTEM.
1026 175 1090 241 139

136 463 218 539 ull
246 464 420 540 SOLLII
447 464 807 540 APOLLINARIS
837 465 1041 540 SIDONII

392 607 774 682 EPISTULARUM

422 783 534 845 LIBER
556 784 747 847 SEPTIMUS.

571 975 597 1042 I.

159 1095 319 1153 SIDONIUS
336 1096 485 1160 mommo
501 1096 618 1152 PAPAE
637 1097 819 1152 MAMERTO
840 1097 1017 1153 SALUTEM.

153 1208 174 1272 l.
199 1198 313 1272 Rumor
340 1217 386 1270 est
408 1209 519 1271 Gothos
547 1213 578 1271 in
601 1209 765 1272 Romanum
788 1210 883 1271 solum
907 1217 1003 1271 castra
1025 1229 1088 1271 mo·

103 1292 171 1359 nso:
200 1300 270 1361 huic
298 1316 417 1378 semper
444 1301 605 1379 irruptioni
631 1317 686 1360 nos
718 1301 822 1359 miseri
848 1301 974 1360 Arverni
1001 1302 1088 1360 ianua

101 1395 188 1450 tumus.
218 1405 347 1466 namque
371 1388 448 1449 odiis
470 1390 658 1449 inimicorum
682 1388 753 1449 hinc
774 1388 935 1467 peculiaria
959 1389 1088 1449 fomenta

101 1471 345 1556 subministramus,
360 1479 438 1558 quia,
452 1477 531 1556 quod
545 1477 673 1538 necdum
687 1479 831 1537 terminos
841 1494 911 1536 suos
923 1476 958 1536 ab
969 1475 1087 1538 Oceano
1114 1500 1128 1541 a

101 1556 310 1627 uiuodmum
332 1563 448 1644 Ligeris
476 1565 558 1626 alveo
585 1565 797 1645 limitaverunt,
826 1565 918 1626 solam
947 1564 1002 1625 sub
1031 1583 1086 1644 ope

99 1643 189 1714 desti
209 1671 324 1714 moram
347 1654 384 1715 de
407 1662 509 1716 nostra
530 1661 646 1714 tantum
664 1654 748 1715 obice
767 1657 927 1733 patiuntur.
960 1656 1086 1714 circum·

97 1733 218 1804 ioumm
249 1761 319 1804 vero
347 1745 443 1822 spatia
473 1750 659 1822 tractumque
692 1745 847 1821 regionum
879 1746 938 1803 iam
970 1743 1088 1822 pridem

97 1833 162 1907 regni
182 1833 307 1893 mInacis
330 1834 499 1911 Mportuna
522 1832 672 1892 devoravIt
693 1834 859 1911 impressio.
899 1830 927 1893 2.
952 1832 1005 1893 sed
1024 1834 1088 1893 ani-

96 1921 205 1981 mositati
231 1927 350 1981 nostrae
377 1927 438 1981 tam
464 1923 640 1981 temerariae
666 1929 785 1999 tamque
813 1921 998 2000 periculosae
1026 1940 1087 1982 non
1101 1945 1127 1986 ro

96 2017 136 2068 uos
158 2018 207 2071 aut
234 2008 399 2070 ambustam
425 2028 580 2070 murorum
607 2010 713 2070 faciem
740 2016 790 2070 aut
816 2017 935 2088 putrem
968 2010 1087 2071 sudium

94 2103 185 2158 cratem
217 2106 268 2160 aut
302 2097 524 2177 propugnacula
555 2097 676 2176 vigiIum
708 2100 779 2159 trita
811 2099 983 2178 pectoribus
1017 2117 1086 2159 con·

94 2179 194 2248 tdmus
226 2186 417 2267 opitulatura3
450 2186 513 2248 solo
545 2195 660 2248 tantum
691 2189 873 2248 invectarum
905 2195 935 2248 te
966 2195 1086 2248 auctore

48 2334 51 2349 ¹
95 2278 262 2352 rogationum
283 2275 437 2355 palpamur
461 2275 580 2356 amillio,
603 2275 711 2354 quibus
734 2275 907 2336 inchoandis
927 2278 1086 2336 instituen-

48 2352 51 2417 ἲ
94 2355 180 2442 Imque
209 2363 337 2445 populus
366 2366 529 2446 Arvernus,
562 2366 619 2425 etsi
646 2383 705 2425 non
733 2365 841 2424 ellectu
867 2367 945 2444 pari,
978 2365 1086 2426 affectu
1101 2387 1126 2429 15

48 2498 50 2517 ξ
94 2457 157 2512 ome
183 2471 245 2515 non
271 2455 379 2532 impari
406 2456 504 2532 coepit
533 2455 659 2533 midaii,
691 2461 721 2513 et
748 2452 785 2512 ob
813 2452 869 2512 hoo
897 2454 1086 2514 circumfusis

97 2539 203 2602 ueodum
225 2541 276 2602 dat
297 2549 381 2620 terga
403 2542 578 2603 terroribus.
619 2540 651 2604 3.
672 2559 732 2602 non
757 2543 837 2601 enim
860 2540 931 2602 latet
953 2549 1086 2603 nostram

48 2678 50 2693 .
96 2627 314 2712 suscitationem,
336 2627 461 2711 <quod>
483 2633 589 2710 primis
606 2628 791 2709 temporibus
814 2629 955 2690 harumce
974 2630 1087 2709 suppli-

97 2717 223 2780 cationum
258 2721 462 2781 institutarum
499 2722 601 2781 civitas
639 2718 762 2780 caelitus
797 2718 852 2779 tibi
888 2718 1001 2779 credita
1031 2737 1086 2797 per

98 2803 277 2869 runoemodi
299 2809 503 2888 prodigiorum
526 2807 766 2870 terrIculamenta
789 2806 975 2868 vacuabatur.
1016 2826 1085 2868 nam
1100 2833 1126 2872 ao

151 2965 163 3012 1
180 2963 256 3030 epist.
270 2962 293 3016 I
305 2968 391 3018 totam
408 2979 459 3018 om.
474 2961 539 3016 ΒΝ
546 2962 601 3016 VT
616 2965 626 3032 ss
646 2968 662 3016 6
681 2960 712 3014 in
730 2961 868 3014 rodanum
886 2959 984 3029 ligeris
1003 2961 1085 3017 alveo

48 3046 51 3077 r
102 3019 157 3097 Qut
172 3031 250 3085 clveo
269 3030 366 3102 ligeris
381 3033 410 3085 in
428 3033 565 3086 rodanum
580 3033 610 3087 F
622 3040 647 3088 et
660 3035 692 3087 in
705 3049 759 3087 raa.
775 3032 830 3098 Mt
851 3034 880 3085 et
892 3031 990 3101 ligeris
1005 3032 1085 3088 alveo

48 3088 51 3173 b
100 3103 122 3143 m
137 3101 264 3156 rodanum
282 3102 311 3157 P
334 3106 343 3174 ss
371 3106 502 3158 anostra
524 3120 592 3159 corr.
611 3106 643 3158 in
666 3106 762 3157 nostro
782 3104 838 3170 M2,
861 3120 882 3157 s.
903 3105 919 3158 l.
939 3105 1003 3159 odd.
1025 3104 1086 3176 0¹11

48 3176 51 3229 l
101 3163 124 3215 11
137 3166 239 3245 faciem]
267 3175 417 3229 maceriem
434 3174 507 3242 Leo,·
533 3176 568 3241 cf.
587 3192 627 3244 ep.
645 3175 690 3242 II,
708 3180 773 3242 2‚5
801 3173 919 3229 interior
945 3177 1086 3244 parietum

48 3258 50 3323 ζ
101 3227 166 3320 furies
178 3245 187 3311 Ι
201 3249 233 3298 13
252 3245 364 3299 tantum
382 3263 438 3317 epo,
456 3247 551 3299 tamen
569 3247 657 3313 codol,
673 3245 732 3298 iam
751 3245 928 3315 McetJobann
940 3248 950 3314 ΙΙ
965 3252 999 3300 18
1018 3245 1085 3299 scis-

48 3330 51 3347 ι
101 3305 239 3369 titutionem
266 3315 333 3386 (scis
359 3318 392 3372 itt
418 3333 473 3372 raa.
493 3315 603 3384 M²)M,
630 3314 827 3370 oscitati0nem
849 3317 872 3372 0
893 3321 897 3385 Ι
923 3317 998 3385 quod
1020 3318 1085 3372 odd.

102 3367 259 3455 Idtb'obonn,
272 3404 323 3442 om.
333 3389 410 3443 codd.
416 3410 427 3456 ,·
439 3388 534 3443 motion
543 3395 607 3442 osnte
616 3385 717 3441 civibus
729 3389 830 3443 addere
840 3386 908 3456 quia
921 3390 932 3456 [1
945 3393 979 3440 20
993 3386 1087 3440 cuius-

102 3455 187 3509 cilbodi
210 3459 249 3512 M
251 3459 322 3525 PF,
350 3457 542 3513 huiuscemodi
573 3458 605 3530 0,
634 3457 772 3530 cuiusque
799 3458 883 3517 modi
908 3458 1110 3526 Inutioluotnu,

102 3511 204 3596 bear
