2414 3864
110 153 281 212 SIDONIUS
299 153 444 211 DOMINO
462 154 583 210 PAPAE
602 153 748 212 GRAECO
767 155 944 213 SALUTEM.
980 157 1044 223 207

63 312 137 385 gaiu
169 306 350 385 exorareris,
380 311 414 366 ut
444 322 610 384 perorares.
656 304 709 366 ubi
735 313 764 366 te
794 308 874 366 inter
897 306 1046 386 spiritales

62 393 150 475 gulas
177 392 225 454 vel
251 393 387 455 forenses
413 393 627 455 medioximum
654 393 795 474 quiddam
817 397 1046 479 contionantem,

62 485 143 564 lippe
178 490 373 562 utrarumque
415 481 621 544 doctissimum
660 482 898 566 disciplinarum,
933 488 1047 564 pariter

62 574 142 635 ectis
175 571 323 633 sensibus*
346 571 526 651 auribusque
564 575 692 633 caumatis
729 572 944 655 ambiebamus,
975 574 1045 637 hinc

62 679 137 725 uum
169 661 353 722 factitantem
385 659 533 723 desiderio
565 668 682 742 nostro,
715 664 784 740 quia
815 663 926 723 iudicio
959 666 1044 724 satis·
1071 680 1084 721 s

62 768 156 813 ceras.
192 747 221 813 6.
240 749 324 810 bisce
347 749 383 810 de
407 751 505 811 causis
528 752 691 829 temperavi
714 750 782 811 stilo
805 752 1045 834 temperahoque,
1075 825 1078 832 ¹

62 841 164 902 eviter
186 838 312 920 locutus,
334 845 369 900 ut
390 857 524 921 paream,
548 838 669 918 longum
691 841 845 920 taciturus
868 847 901 902 ut
923 840 1044 902 discam.

62 935 102 991 int
119 928 159 989 de
181 935 281 990 cetero
304 935 372 990 tuae
395 936 504 1009 partes,
528 928 647 989 domine
670 947 753 1008 papa.
791 928 943 990 doctrinae
967 929 1044 992 salu-

62 1020 105 1079 ris
125 1016 344 1096 singularisque
363 1019 486 1078 victuris
506 1017 647 1097 operibus
661 1016 833 1078 incumbere
848 1020 934 1100 satis3
947 1038 1044 1100 neque

62 1108 121 1187 iim,
145 1108 280 1186 quisquis
303 1106 450 1170 auscultat
468 1105 623 1167 docentem
642 1114 671 1167 te
691 1106 959 1189 disputantemque,
977 1108 1044 1189 plus
1060 1128 1085 1167 ro

62 1197 115 1276 qui
147 1195 236 1256 discit
272 1213 361 1274 quam
396 1195 494 1257 facere
531 1195 684 1257 laudanda.
730 1214 809 1257 nunc
845 1213 930 1278 vero,
966 1198 1045 1276 quod

62 1291 140 1366 stat,
169 1283 277 1345 donate
304 1287 389 1345 venia
416 1287 555 1364 paginam
582 1287 776 1346 rusticantem
794 1284 878 1345 vobis
902 1285 1045 1347 obsecun-

62 1380 162 1455 uum,
184 1374 234 1434 cui
255 1391 305 1434 me
328 1391 447 1454 quoque
469 1381 599 1454 auctore,
622 1376 649 1435 si
670 1375 777 1435 vestris
801 1373 909 1435 litteris
927 1393 1044 1454 compa·

62 1469 130 1545 rtnr,
164 1461 250 1523 stilus
282 1463 500 1524 infantissimus
532 1465 619 1524 inest.
667 1461 694 1524 7.
727 1462 780 1523 sed
814 1465 871 1523 ista
903 1482 1045 1542 quorsum

62 1550 159 1613 olidus
187 1549 302 1630 allego?
347 1571 416 1612 nam
443 1555 533 1613 nimis
563 1551 718 1631 deprecari
744 1553 873 1627 ineptias
896 1555 976 1632 ipsas
999 1561 1046 1616 est
1059 1570 1085 1612 rs

62 1641 261 1722 eptissimum,
284 1643 316 1701 in
339 1641 447 1721 quibus
470 1649 503 1702 tu
526 1659 627 1701 merus
651 1640 771 1721 arbiter,
794 1643 821 1700 si
839 1659 903 1702 rem
923 1661 959 1703 ex
977 1660 1044 1704 asse

62 1732 199 1810 seiugas,
230 1728 343 1791 ridebis
375 1729 516 1810 plurIma,
542 1728 628 1808 plura
655 1728 797 1809 culpabis.
844 1729 896 1791 sed
919 1739 949 1792 et
972 1731 1044 1793 illud

62 1818 208 1899 nplcctor,
235 1821 262 1878 si
289 1837 343 1898 pro
371 1821 494 1880 caritate
523 1837 580 1898 qua
607 1815 700 1897 polles
727 1836 788 1879 non
816 1819 909 1880 fueris
936 1839 1045 1901 usque·
1095 1889 1096 1893 ,

62 1925 149 1987 caque
173 1907 316 1968 censendi
339 1909 623 1986 continentissImuS,
646 1908 676 1967 id
700 1915 755 1988 est,
779 1910 804 1968 si
827 1912 974 1971 sententia
996 1918 1047 1972 tua

62 1997 186 2076 nippiam
209 1997 369 2075 superbis
392 1996 526 2076 apicibus
549 1998 691 2075 antiquet.
737 2005 808 2058 tunc
832 2001 912 2059 enim
936 2002 1047 2060 certius
1061 2018 1089 2058 ro

62 2105 66 2141 ι
86 2083 228 2164 probasse
251 2084 364 2166 reliqua
384 2084 526 2167 gaudebo,
545 2088 571 2146 si
590 2085 728 2147 liturasse
747 2086 846 2166 aliqua
870 2106 1044 2166 cognovero.

62 2189 146 2234 remor
167 2175 265 2234 nostri
287 2192 354 2235 csse
377 2174 509 2256 dignare,
532 2175 649 2235 domine
672 2194 757 2254 papa.

512 2400 568 2466 IV.

122 2521 291 2579 SlDONIUS
309 2521 454 2578 DOMINO
473 2522 592 2577 PAPAE
612 2522 757 2580 GRAECO
777 2522 956 2579 SALUTEM.

102 2633 129 2698 1.
159 2636 261 2698 VIator
287 2644 390 2697 noster
417 2655 451 2697 ac
481 2635 653 2698 tabellarius
680 2638 752 2697 terit
783 2636 895 2697 orbitas
927 2638 1045 2697 itineris

62 2728 144 2787 suen
175 2728 305 2805 spatium
337 2727 400 2786 viae
436 2727 664 2807 regionumque,
696 2725 775 2804 quod
808 2724 916 2807 oppida
936 2732 1043 2798 ¹nostra
1058 2745 1084 2786 ss

62 2805 228 2896 leuminat,
251 2833 339 2894 saepe
362 2813 529 2893 relegendo.
576 2818 715 2894 quocirca
737 2834 792 2876 nos
816 2832 933 2894 quoque
957 2813 1044 2876 decet

62 2903 125 2965 enei
145 2906 317 2984 propositae
341 2903 506 2965 sedulitatis
530 2904 627 2965 officia
651 2907 767 2985 sectari,
787 2923 861 2984 quac
885 2922 953 2964 cum
975 2903 1044 2964 reli·

62 2990 103 3061 ills
124 2993 358 3055 commeantibus
385 3001 449 3054 tum
476 2996 635 3073 praecipue
663 2993 798 3054 Amantio
826 2996 1044 3054 intercurrente
1124 3072 1127 3078 .

106 3168 120 3217 1
138 3163 189 3220 ubi
206 3165 242 3234 L,
259 3163 302 3220 ibi
320 3168 373 3234 (pr.
389 3164 400 3218 i
417 3167 450 3220 iu
466 3183 521 3222 ras.
536 3171 553 3221 3
573 3167 625 3221 litt.
640 3165 827 3233 NONMM'
843 3168 852 3234 ΙΙ
874 3169 889 3218 9
904 3171 969 3234 post
988 3165 1043 3218 sin-

62 3227 266 3305 dausqueius.
285 3235 398 3290 virtutis
422 3237 624 3304 Wilomowc'tzl
645 3235 761 3290 victoris
780 3236 838 3289 Lu
857 3239 861 3305 Ι
882 3235 1043 3289 incumbere

62 3293 168 3377 UMT,
186 3307 349 3363 incumbere
367 3306 528 3362 incumbere
546 3309 586 3375 L,
611 3309 676 3362 sunt
694 3307 720 3360 d.
741 3324 763 3362 c.
783 3310 803 3362 t.
823 3325 859 3376 p,
878 3306 905 3362 d.
924 3325 960 3376 p.,
980 3307 1044 3360 doc-

62 3380 125 3432 atue
142 3378 275 3434 salutaris
294 3378 514 3448 singularisque:
537 3379 654 3433 victuris
673 3378 804 3449 operibus
824 3377 984 3432 incumbere
1002 3376 1044 3429 in-

62 3446 163 3505 ¹urbere
180 3448 251 3505 satis
262 3449 440 3520 Luetjobonu
453 3452 462 3520 ΙΙ
477 3455 509 3504 12
529 3450 714 3505 rusticantem
724 3449 757 3506 N
761 3448 822 3508 Md
827 3451 863 3521 I,
877 3447 1055 3504 sustinentes

62 3530 73 3573 s
92 3520 150 3585 fort.
167 3524 260 3590 rectef
272 3526 306 3575 io
324 3538 362 3576 an
377 3520 491 3592 ipsum?
508 3523 715 3598 Luetjobauull
