2392 3854
262 121 432 179 SIDONIUS
450 123 639 180 MAURUSIO
658 123 726 180 SUO
746 124 924 180 SALUTEM.
1054 125 1096 190 51

85 274 239 352 purpurati
266 275 327 334 iam
355 275 471 353 iamque
500 277 647 356 ruitnms3
675 292 743 335 nam
771 273 820 334 filo
848 276 974 353 equinae
999 283 1096 335 saetae

84 360 190 440 ligatus
213 370 244 422 et
271 364 313 424 ita
336 362 468 441 pondere
495 365 595 425 minax
618 371 652 424 ut
674 365 809 425 acumine
833 362 932 441 gulam
954 363 1096 424 lormido-

83 450 136 511 losi
160 449 301 512 Tantaleo
329 450 463 513 frenabat
491 452 639 533 exemplo,
667 471 704 512 ne
732 451 792 513 cibi
815 453 944 530 ingressi
966 470 1021 531 per
1044 471 1095 513 ora

84 557 136 618 per
156 539 280 600 vulnera
304 542 428 601 exirent.
470 538 498 601 8.
522 541 601 602 unde
625 549 693 621 post
715 543 823 601 mixtas
846 540 966 602 fletibus
988 559 1095 619 preces

84 636 169 708 atque
192 628 369 689 multimoda
397 632 525 708 suspiria
548 633 596 690 vix
619 629 771 691 absolutus
795 632 1003 708 emicatimque
1027 649 1094 709 pro·
1122 649 1135 691 s

85 717 184 778 siliens
217 716 268 778 illa
295 718 406 797 refugit
433 718 583 780 celeritate
612 719 730 779 divitias
762 718 943 799 deliciasque
972 718 1095 799 regales,

85 825 139 885 qua
158 806 256 867 solent
274 809 384 888 appeti,
403 808 543 869 reductus
562 807 597 868 ad
615 807 764 868 desideria
777 808 974 869 mediocrium
988 809 1094 868 timore

86 913 268 956 summorum
296 902 327 956 et
353 898 426 956 satis
453 915 573 977 cavens,
601 915 638 957 ne
661 896 780 957 beatum
803 896 882 957 ultra
905 897 1018 957 diceret
1042 896 1094 956 du-

85 991 234 1065 ceretque,
267 987 319 1064 qui
351 992 471 1064 saeptus
503 988 593 1046 armis
626 1004 659 1046 ac
688 984 865 1046 satellitibus
897 993 927 1047 et
954 1004 1009 1065 per
1038 985 1095 1045 hoc

86 1076 175 1152 raptis
211 1073 358 1134 incubans
390 1073 496 1153 opihus
529 1075 608 1135 ferro
641 1092 764 1153 pressus
795 1082 947 1153 premeret
980 1093 1136 1136 aurnm.1o

87 1170 265 1242 quapropter
288 1162 325 1222 ad
344 1170 453 1224 statum
471 1163 652 1243 huiusmodi,
675 1163 793 1223 domine
812 1162 913 1244 trater,
937 1166 1038 1224 nescio
1058 1182 1095 1224 an

86 1258 197 1312 constet
215 1251 340 1313 tendere
359 1251 470 1334 beatos,
488 1260 570 1332 patet
584 1260 665 1313 certe
680 1254 806 1313 miseros
825 1255 990 1330 pervenire.
1021 1251 1094 1312 vale.

544 1529 632 1595 XIV.

256 1669 423 1726 SIDONIUS
440 1669 630 1726 MAURUSIO
650 1669 718 1726 SUO
738 1669 916 1726 SALUTEM.

149 1800 176 1862 1.
196 1801 292 1862 Audio
311 1800 476 1862 industriae
495 1809 564 1862 tuae
578 1804 713 1881 votisque
729 1802 936 1863 communibus
954 1802 1093 1864 uberiore

88 1901 235 1972 proventu,
259 1909 347 1970 quam
369 1890 538 1951 minabatur
562 1889 672 1951 sterilis
696 1909 800 1972 annus,
824 1892 1005 1972 respondere
1029 1895 1091 1953 vin-
1107 1912 1133 1953 15

90 1977 216 2040 demiam
253 1980 333 2040 unde
357 1987 387 2040 et
408 1981 440 2040 in
458 1997 534 2059 pago
553 1978 744 2061 vialoscensi,
767 1982 819 2060 qui
837 1980 979 2041 Martialis
998 1989 1093 2043 aetate

91 2069 218 2131 citeriore
238 2071 383 2130 vocitatus
402 2075 449 2129 est
466 2074 589 2148 propter
602 2067 727 2129 hiberna
741 2067 891 2147 legionum
904 2069 1093 2151 ltdianarum,

91 2160 216 2236 suspicor
235 2157 405 2219 diuturnius
424 2164 454 2218 te
473 2165 671 2239 moraturum3
695 2175 753 2236 quo
773 2156 831 2218 loci
849 2158 905 2219 tibi
924 2178 992 2219 cum
1010 2160 1093 2219 ferax

91 2247 165 2307 mea
189 2254 244 2328 est,
267 2254 331 2308 tum
353 2254 471 2326 praeter
493 2249 589 2325 ipsam
613 2246 767 2325 praedium
790 2265 895 2326 magno
914 2265 974 2307 non
993 2249 1092 2307 minus

93 2332 210 2416 domino,
234 2336 313 2415 quod
336 2343 365 2396 te
388 2343 514 2414 tuosque
536 2334 691 2414 plurifaria
709 2335 828 2414 frugum
847 2337 1092 2414 mansionumque
1107 2359 1134 2398 ro

92 2420 148 2484 dote
171 2433 346 2486 remoretur.
380 2422 409 2485 2.
428 2423 510 2503 ilicet
529 2426 555 2483 si
574 2423 690 2485 horreis
709 2424 920 2504 apothecisque
941 2443 994 2485 seu
1012 2443 1094 2503 penu

94 2510 200 2591 impleta
223 2514 355 2574 destinas
377 2512 439 2574 illic
463 2531 558 2592 usquc
582 2513 617 2572 ad
639 2513 796 2574 adventum
814 2512 1028 2574 hIrundincum
1046 2514 1093 2575 vel

95 2601 250 2664 ciconinum
278 2601 341 2664 lani
364 2602 536 2681 Numaeque
560 2602 719 2681 ninguidos
742 2620 862 2662 menses
885 2604 917 2662 in
941 2605 1000 2663 otio
1024 2603 1092 2664 fuli-

96 2689 184 2762 ginoso
207 2694 269 2752 sive
293 2693 423 2752 tunicata
443 2693 542 2770 quiete
562 2694 774 2771 transmittere,
797 2689 884 2752 nobIs
903 2710 1022 2772 quoquc
1041 2712 1091 2772 pa·

95 2791 148 2837 mm
174 2782 204 2840 in
233 2781 342 2860 oppido
370 2781 538 2840 fructuosae
565 2782 703 2860 protinus
731 2779 961 2859 amputabuntur
984 2800 1090 2843 causae
1105 2803 1131 2844 ss

96 2879 237 2950 morarum,
260 2876 302 2950 ut,
325 2869 395 2930 dum
414 2872 478 2949 ipse
498 2871 640 2930 nimirum
658 2869 768 2930 frueris
787 2887 866 2950 rure,
884 2889 940 2931 nos
963 2878 992 2932 te
1012 2872 1090 2933 frua-

155 3126 295 3182 texirent
311 3145 362 3199 per
379 3128 497 3183 vulnera
516 3129 559 3198 Ol
574 3134 607 3183 12
626 3132 770 3185 constaret
790 3131 880 3199 0l14
899 3130 1027 3199 votisque
1061 3132 1090 3185 et
1142 3132 1145 3136 ’

99 3193 158 3249 volis
172 3198 214 3280 ΟΙ
228 3204 260 3254 16
274 3199 443 3255 violoscensi
459 3201 484 3254 Τ
496 3208 521 3256 et
539 3202 664 3257 Vaticon.
680 3205 751 3256 3421
765 3205 776 3271 ΙΙ
790 3205 823 3256 18
841 3201 898 3256 1οοὶ
907 3203 972 3257 LN
975 3203 1006 3270 T,
1037 3217 1088 3255 oco

100 3264 144 3327 lvel
158 3266 213 3324 loc1
229 3287 249 3325 s.
267 3271 284 3326 l.
299 3273 362 3327 add.
383 3272 482 3342 V¹M¹)
492 3273 558 3327 VM
562 3273 585 3328 O
595 3275 604 3343 ΙΙ
619 3277 652 3326 19
670 3274 782 3341 praeter
800 3273 893 3344 ipsam
906 3274 970 3328 LN
973 3275 989 3341 ¹,
1008 3286 1089 3340 prae-

99 3332 163 3409 terea
183 3339 274 3410 ipsum
298 3346 377 3409 (corr.
401 3346 433 3398 ira
459 3345 572 3412 praeter
600 3344 692 3412 ipsam
718 3341 812 3413 ipsum
834 3344 891 3412 Μ’,
918 3347 949 3399 iac
975 3343 1089 3412 praeter

99 3417 175 3470 litum
197 3412 419 3478 IUVMTGN'
450 3417 460 3484 ll
491 3419 524 3467 22
544 3414 741 3470 hirundineum
764 3432 814 3471 om.
834 3416 947 3484 LMN,
969 3414 1032 3468 odd.
1057 3414 1088 3466 iu

99 3489 167 3550 moro.
181 3481 272 3536 ΝΙΜι
288 3489 292 3548 Ι
308 3484 353 3539 vel
370 3503 390 3541 s.
411 3487 427 3540 l.
447 3486 510 3541 aad.
526 3485 595 3557 M¹l

911 3581 948 3630 ῃ
