2414 3864
481 156 695 212 PRAEFATIO.
1008 160 1099 215 XXIII

76 314 264 368 monstrante
283 306 505 386 Luetjohannus
529 314 596 385 post
620 311 753 383 expetito
772 308 844 368 haec
864 307 991 367 addidit:
1014 314 1095 371 ocle-

77 415 181 471 scere,
209 399 330 458 itineris
357 394 525 471 difficultas
553 399 713 471 despectc;
745 396 824 475 quod
853 396 1097 478 additamentum,

77 487 217 565 quamvis
247 487 343 564 prima
376 486 476 563 specie
506 486 694 562 ingeniosum
722 503 788 545 esse
815 485 964 566 videatur,
996 492 1095 547 tamen

78 592 186 654 reapse
201 572 419 652 perabsurdum
439 591 505 634 esse
524 572 572 634 vel
590 592 626 633 ex
645 575 710 653 ipso
726 576 878 635 enuntiato
895 573 1095 653 subsequente

78 669 218 742 apparet,
241 680 309 722 nam
327 680 388 722 non
406 680 588 738 quemquam
608 661 766 724 dicendum
785 671 857 743 erat,
881 662 933 722 sed
952 668 1096 739 quoniam

78 752 126 813 vel
149 750 258 812 melius
281 753 370 811 etiam
395 755 579 828 praesertim
606 769 683 812 cum.
728 751 808 812 Haec
832 754 910 812 enim
934 759 980 812 θεῖ
1003 755 1095 814 totius

78 840 137 902 loci
162 842 323 901 sententia:
354 839 494 900 Sidonius
516 839 679 920 Apollinari
701 839 874 920 gratulatur,
898 841 976 920 quod
999 843 1094 920 ipsius

78 928 207 991 consilio
235 928 394 990 obsecutus
422 931 479 989 iter
510 929 657 1008 quoddam
684 948 793 1008 anceps
821 929 982 1010 distulerit3
1015 931 1094 1009 quod

79 1023 107 1080 si
128 1027 230 1079 tamen
254 1015 318 1097 ‘pro
338 1020 544 1097 intempestiva
563 1013 729 1078 devotione'
749 1021 903 1097 ingressus
922 1026 1010 1100 esset,
1033 1039 1095 1080 me-

77 1108 225 1169 tuendum
245 1107 346 1188 luisse,
365 1125 402 1167 ne
421 1114 544 1186 propter
562 1103 741 1167 ‘animorum
759 1106 966 1167 matronalium
985 1111 1094 1168 teneri-

78 1192 228 1258 tudinem’
257 1194 437 1256 sollemnitas
466 1197 595 1274 expetita
627 1194 795 1277 vilesceret3
828 1213 1006 1275 quamquam
1033 1190 1095 1280 (cst

78 1289 173 1365 igitur
205 1284 277 1345 haec
310 1286 504 1345 correctionis
531 1283 578 1344 vel
605 1286 801 1345 revocationis
830 1285 924 1363 ligura
952 1286 995 1345 sic
1023 1304 1093 1346 sane

78 1368 248 1457 aptissima)
272 1373 352 1453 illae,
381 1373 500 1452 siquid
526 1391 612 1434 secus
635 1373 784 1434 viantibus
807 1373 977 1453 accidisset,
1005 1373 1093 1434 laeta·

78 1472 165 1525 turrae
190 1463 302 1523 luerint
325 1481 357 1523 se
380 1461 523 1522 tolerasse
547 1464 729 1541 martyrium.
771 1461 814 1521 Ex
838 1461 893 1522 hac
916 1463 1093 1540 interpreta-

78 1556 162 1614 tione
186 1553 217 1612 id
241 1570 358 1632 quoque
382 1551 511 1611 efficitur
534 1555 687 1631 timeretis,
713 1550 792 1630 quod
815 1550 901 1629 paulo
925 1557 993 1611 ante
1017 1554 1048 1612 in
1071 1552 1093 1611 F

78 1649 134 1722 est,
153 1645 254 1720 inepte
274 1639 483 1719 interpolatum
503 1658 582 1720 csse3
606 1643 720 1700 namin
737 1659 772 1700 eo
786 1641 852 1718 ipso
867 1641 964 1699 omnis
979 1639 1094 1701 Sidonii

78 1729 249 1792 sollicitudo
271 1729 451 1810 vertebatur,
479 1729 557 1808 quod
580 1729 739 1810 metuebat,
767 1747 804 1789 ne
827 1727 1005 1807 Apollinaris
1029 1732 1093 1808 ipse

77 1838 133 1899 pro
158 1821 250 1879 nimia
273 1819 432 1879 securitate
461 1825 630 1896 contempto
653 1817 786 1897 periculo
814 1816 1006 1878 mulierculas
1034 1837 1094 1880 non

78 1911 145 1969 sine
170 1925 258 1968 causa
281 1909 383 1966 anxias
407 1906 443 1966 ad
467 1908 525 1966 iter
547 1907 620 1968 illud
642 1907 807 1968 induceret.
827 1941 869 1948 -
888 1906 933 1987 Ν,
955 1904 1022 1986 7,2
1046 1927 1093 1968 re-

77 1999 166 2057 stitui
195 1997 436 2068 retractabitur;
469 1995 505 2055 cl.
529 2014 574 2074 ep.
597 1995 623 2076 l,
647 1993 681 2077 9,
705 1992 734 2057 5.
759 2031 801 2038 —
824 1994 906 2057 lb.3
939 1998 1015 2056 mira
1048 2006 1093 2058 est

77 2085 191 2146 locutio
214 2088 312 2160 qualis
336 2087 400 2160 ipse
423 2093 613 2160 quantusque
636 2094 692 2159 est,
720 2103 788 2145 cum
815 2091 971 2164 exspectes
994 2090 1093 2160 qualis

79 2180 145 2252 ipse
173 2191 301 2249 cumque
328 2180 519 2247 quantusque
547 2181 591 2235 est
618 2172 677 2256 vel,
709 2173 787 2253 quod
810 2172 1033 2252 Luetjohannus
1060 2177 1092 2234 in

78 2264 269 2324 adnotatione
292 2263 440 2342 proponit,
463 2265 562 2336 qualis
585 2265 649 2339 ipse
672 2270 863 2338 quantusque
881 2281 1009 2337 cumque
1033 2269 1093 2334 θεῖ·

77 2354 139 2413 nisi
162 2352 238 2411 forte
261 2357 399 2429 putamus
423 2354 522 2425 qualis
550 2359 741 2426 quantusque
768 2350 910 2431 paulatim
932 2353 973 2411 ita
997 2351 1093 2411 coalu-

76 2444 139 2504 isse
173 2435 224 2523 (cl.
248 2438 371 2500 Bonnet.
395 2438 412 2499 l.
438 2438 456 2499 l.
477 2458 508 2518 p.
528 2436 580 2519 69,
601 2439 633 2520 1;
659 2434 747 2523 728),
779 2449 813 2501 ut
845 2443 876 2499 in
908 2446 1092 2501 constantem

77 2546 257 2608 semperque
290 2527 504 2588 immutabilem
534 2527 714 2589 locutionem
741 2529 855 2590 abierit.
885 2562 926 2570 -
954 2528 999 2609 Ν,
1018 2526 1092 2609 8,3

76 2628 208 2695 eratque
239 2619 287 2677 vix
315 2624 360 2677 est
392 2619 607 2697 necessarium,
639 2636 736 2697 neque
769 2619 862 2696 magis
890 2616 928 2676 ib.
953 2614 973 2678 5
1002 2627 1091 2680 cento

77 2708 276 2788 probaverim.
302 2741 344 2748 —
368 2705 413 2786 Ν,
432 2703 500 2786 9,1
530 2708 601 2766 item
629 2714 662 2767 ut
688 2706 733 2787 IV,
754 2705 795 2769 13
824 2710 913 2766 inser.
943 2700 1032 2789 (quae
1060 2710 1092 2767 in

76 2797 100 2856 L
125 2790 225 2879 deest)
249 2802 352 2856 contra
370 2794 585 2855 Mommsenum
607 2795 708 2857 Vectio
728 2790 788 2878 (sic
806 2794 932 2875 ΙΝΜΤ,
959 2797 1094 2859 Vectioci

77 2886 115 2966 C,
146 2886 242 2946 Vettio
265 2878 303 2967 L)
326 2885 444 2944 retinui.
469 2918 510 2926 -
539 2883 580 2944 lb.
605 2884 726 2944 distinxi
749 2889 832 2946 cerci
852 2888 941 2945 utiles
969 2883 1094 2958 (rustici

76 2977 235 3050 moriperi,
258 2976 373 3034 erbaci
395 2976 489 3034 amici
510 2975 700 3035 oboedientes
719 2981 912 3050 patronoque
935 2978 1092 3051 contenti).

77 3063 182 3124 Restat
204 3069 305 3122 lamen
333 3060 431 3141 aliqua
454 3061 598 3121 dubitatio
623 3062 660 3122 dc
683 3062 782 3122 verbis
808 3071 1000 3139 patronoque
1024 3066 1091 3141 (pe-

78 3162 259 3227 tronumque
282 3153 358 3210 miro
383 3169 484 3210 errore
506 3144 545 3233 L)
569 3155 719 3222 contenti;
746 3170 828 3232 nam,
857 3158 999 3229 quantum
1022 3153 1091 3232 vidi,

77 3243 197 3321 patroni
230 3258 338 3300 nomen
371 3239 448 3318 apud
481 3238 637 3299 Sidonium
669 3257 770 3320 saepe,
806 3243 832 3300 si
864 3239 901 3300 de
934 3240 1091 3302 clientibus

76 3333 185 3409 agitur,
208 3331 235 3389 si
258 3329 295 3388 de
320 3331 423 3408 servis,
446 3346 609 3407 numquam
626 3336 788 3407 usurpatur
808 3324 858 3412 (cl.
879 3346 923 3408 ep.
939 3329 970 3409 V,
991 3327 1090 3410 19,1;

77 3419 122 3499 Vl,
141 3416 176 3499 53
200 3415 360 3498 v11,2,9;
384 3416 441 3497 Vll,
463 3414 513 3497 17,
535 3411 567 3500 1)
574 3439 582 3499 3
609 3419 668 3477 nisi
691 3417 851 3501 Sidonius,
876 3420 949 3498 quia
967 3418 1102 3479 urbano-

77 3527 142 3569 rum
166 3523 317 3566 servorum
340 3506 475 3566 condicio
494 3507 590 3572 multo
610 3509 723 3575 melior
742 3518 777 3576 θῖ
792 3511 928 3576 liberior
948 3516 1032 3591 erat,
1047 3506 1128 3567 'ibeo
