<?xml version="1.0" encoding="UTF-8"?>
<!DOCTYPE html PUBLIC "-//W3C//DTD XHTML 1.0 Transitional//EN"
    "http://www.w3.org/TR/xhtml1/DTD/xhtml1-transitional.dtd">
<html xmlns="http://www.w3.org/1999/xhtml" xml:lang="en" lang="en">
 <head>
  <title>
</title>
<meta http-equiv="Content-Type" content="text/html;charset=utf-8" />
  <meta name='ocr-system' content='tesseract 3.04.00' />
  <meta name='ocr-capabilities' content='ocr_page ocr_carea ocr_par ocr_line ocrx_word'/>
</head>
<body>
  <div class='ocr_page' id='page_1' title='image "./csolliusapollin00apolgoog_0075.png"; bbox 0 0 2414 3864; ppageno 0'>
   <div class='ocr_carea' id='block_1_1' title="bbox 138 158 779 234">
    <p class='ocr_par' dir='ltr' id='par_1_1' title="bbox 138 158 779 234">
     <span class='ocr_line' id='line_1_1' title="bbox 138 158 779 234; baseline 0.005 -15"><span class='ocrx_word' id='word_1_1' title='bbox 138 169 182 234; x_wconf 79' lang='lat'>22</span> <span class='ocrx_word' id='word_1_2' title='bbox 266 158 268 161; x_wconf 85' lang='grc'><strong><em>·</em></strong></span> <span class='ocrx_word' id='word_1_3' title='bbox 510 164 779 222; x_wconf 69' lang='lat' dir='ltr'>omnemnque.</span> 
     </span>
    </p>
   </div>
   <div class='ocr_carea' id='block_1_2' title="bbox 85 315 1128 1471">
    <p class='ocr_par' dir='ltr' id='par_1_2' title="bbox 138 315 1128 396">
     <span class='ocr_line' id='line_1_2' title="bbox 138 315 1128 396; baseline 0.001 -17"><span class='ocrx_word' id='word_1_4' title='bbox 138 321 208 380; x_wconf 92' lang='lat' dir='ltr'>citia</span> <span class='ocrx_word' id='word_1_5' title='bbox 236 336 302 379; x_wconf 92' lang='lat' dir='ltr'>mea</span> <span class='ocrx_word' id='word_1_6' title='bbox 329 317 376 378; x_wconf 85' lang='lat' dir='ltr'>vel</span> <span class='ocrx_word' id='word_1_7' title='bbox 405 335 597 396; x_wconf 77' lang='lat' dir='ltr'>praesumere</span> <span class='ocrx_word' id='word_1_8' title='bbox 624 324 687 378; x_wconf 85' lang='lat' dir='ltr'>tuta</span> <span class='ocrx_word' id='word_1_9' title='bbox 715 315 761 377; x_wconf 87' lang='lat' dir='ltr'>vel</span> <span class='ocrx_word' id='word_1_10' title='bbox 788 315 890 378; x_wconf 87' lang='lat' dir='ltr'>illaesa</span> <span class='ocrx_word' id='word_1_11' title='bbox 918 317 1051 379; x_wconf 87' lang='lat' dir='ltr'>credere.</span> <span class='ocrx_word' id='word_1_12' title='bbox 1101 337 1128 389; x_wconf 62' lang='lat' dir='ltr'>er</span> 
     </span>
    </p>

    <p class='ocr_par' dir='ltr' id='par_1_3' title="bbox 85 405 1128 666">
     <span class='ocr_line' id='line_1_3' title="bbox 85 405 1128 485; baseline 0 -17"><span class='ocrx_word' id='word_1_13' title='bbox 85 467 89 474; x_wconf 80' lang='grc'><strong><em>,</em></strong></span> <span class='ocrx_word' id='word_1_14' title='bbox 137 426 208 468; x_wconf 85' lang='lat' dir='ltr'>vero</span> <span class='ocrx_word' id='word_1_15' title='bbox 231 409 367 468; x_wconf 89' lang='lat' dir='ltr'>notitiam</span> <span class='ocrx_word' id='word_1_16' title='bbox 390 408 447 466; x_wconf 86' lang='lat' dir='ltr'>viri</span> <span class='ocrx_word' id='word_1_17' title='bbox 470 405 758 485; x_wconf 79' lang='lat' dir='ltr'>familiaritatemque</span> <span class='ocrx_word' id='word_1_18' title='bbox 781 425 842 466; x_wconf 92' lang='lat' dir='ltr'>non</span> <span class='ocrx_word' id='word_1_19' title='bbox 865 405 962 468; x_wconf 91' lang='lat' dir='ltr'>solum</span> <span class='ocrx_word' id='word_1_20' title='bbox 981 406 1085 468; x_wconf 91' lang='lat' dir='ltr'>volens</span> <span class='ocrx_word' id='word_1_21' title='bbox 1104 418 1128 468; x_wconf 63' lang='lat' dir='ltr'>&#39;ss</span> 
     </span>
     <span class='ocr_line' id='line_1_4' title="bbox 138 496 1128 577; baseline 0 -19"><span class='ocrx_word' id='word_1_22' title='bbox 138 503 168 558; x_wconf 91' lang='lat' dir='ltr'>et</span> <span class='ocrx_word' id='word_1_23' title='bbox 191 497 294 557; x_wconf 90' lang='lat' dir='ltr'>avidus</span> <span class='ocrx_word' id='word_1_24' title='bbox 320 496 489 577; x_wconf 79' lang='lat' dir='ltr'>amplector,</span> <span class='ocrx_word' id='word_1_25' title='bbox 513 498 624 575; x_wconf 89' lang='lat' dir='ltr'>quippe</span> <span class='ocrx_word' id='word_1_26' title='bbox 648 497 700 574; x_wconf 91' lang='lat' dir='ltr'>qui</span> <span class='ocrx_word' id='word_1_27' title='bbox 722 498 855 556; x_wconf 86' lang='lat' dir='ltr'>noverim</span> <span class='ocrx_word' id='word_1_28' title='bbox 879 502 1013 556; x_wconf 91' lang='lat' dir='ltr'>nostram</span> <span class='ocrx_word' id='word_1_29' title='bbox 1037 515 1128 577; x_wconf 71' lang='lat' dir='ltr'>quoqu</span> 
     </span>
     <span class='ocr_line' id='line_1_5' title="bbox 138 583 1105 666; baseline 0.001 -20"><span class='ocrx_word' id='word_1_30' title='bbox 138 589 263 666; x_wconf 86' lang='lat' dir='ltr'>gratiam</span> <span class='ocrx_word' id='word_1_31' title='bbox 291 585 348 646; x_wconf 88' lang='lat' dir='ltr'>hoc</span> <span class='ocrx_word' id='word_1_32' title='bbox 377 585 519 664; x_wconf 89' lang='lat' dir='ltr'>obsequio</span> <span class='ocrx_word' id='word_1_33' title='bbox 547 602 614 645; x_wconf 91' lang='lat' dir='ltr'>meo</span> <span class='ocrx_word' id='word_1_34' title='bbox 643 584 706 645; x_wconf 85' lang='lat' dir='ltr'>iore</span> <span class='ocrx_word' id='word_1_35' title='bbox 730 584 952 664; x_wconf 88' lang='lat' dir='ltr'>copulatiorem.</span> <span class='ocrx_word' id='word_1_36' title='bbox 995 583 1026 646; x_wconf 81' lang='lat'>2.</span> <span class='ocrx_word' id='word_1_37' title='bbox 1052 587 1105 647; x_wconf 87' lang='lat' dir='ltr'>sed</span> 
     </span>
    </p>

    <p class='ocr_par' dir='ltr' id='par_1_4' title="bbox 99 673 1128 1113">
     <span class='ocr_line' id='line_1_6' title="bbox 99 673 1128 755; baseline 0 -18"><span class='ocrx_word' id='word_1_38' title='bbox 99 696 124 737; x_wconf 29' lang='lat' dir='ltr'>*a</span> <span class='ocrx_word' id='word_1_39' title='bbox 137 682 171 737; x_wconf 92' lang='lat' dir='ltr'>tu</span> <span class='ocrx_word' id='word_1_40' title='bbox 193 675 361 755; x_wconf 81' lang='lat' dir='ltr'>vigilantiae</span> <span class='ocrx_word' id='word_1_41' title='bbox 386 693 456 735; x_wconf 92' lang='lat' dir='ltr'>suae</span> <span class='ocrx_word' id='word_1_42' title='bbox 479 692 527 734; x_wconf 89' lang='lat' dir='ltr'>me</span> <span class='ocrx_word' id='word_1_43' title='bbox 551 674 581 733; x_wconf 91' lang='lat' dir='ltr'>id</span> <span class='ocrx_word' id='word_1_44' title='bbox 606 681 652 734; x_wconf 88' lang='lat' dir='ltr'>est</span> <span class='ocrx_word' id='word_1_45' title='bbox 674 673 768 734; x_wconf 86' lang='lat' dir='ltr'>lamae</span> <span class='ocrx_word' id='word_1_46' title='bbox 789 692 872 734; x_wconf 88' lang='lat' dir='ltr'>meae</span> <span class='ocrx_word' id='word_1_47' title='bbox 892 681 1003 735; x_wconf 89' lang='lat' dir='ltr'>statum</span> <span class='ocrx_word' id='word_1_48' title='bbox 1023 694 1128 737; x_wconf 80' lang='lat' dir='ltr'>causan</span> 
     </span>
     <span class='ocr_line' id='line_1_7' title="bbox 138 763 1128 844; baseline 0.001 -19"><span class='ocrx_word' id='word_1_49' title='bbox 138 783 195 844; x_wconf 89' lang='lat' dir='ltr'>que</span> <span class='ocrx_word' id='word_1_50' title='bbox 219 764 401 825; x_wconf 86' lang='lat' dir='ltr'>commenda.</span> <span class='ocrx_word' id='word_1_51' title='bbox 447 769 688 844; x_wconf 80' lang='lat' dir='ltr'>remorantem,</span> <span class='ocrx_word' id='word_1_52' title='bbox 712 781 750 823; x_wconf 88' lang='lat' dir='ltr'>ne</span> <span class='ocrx_word' id='word_1_53' title='bbox 774 763 881 824; x_wconf 83' lang='lat' dir='ltr'>famem</span> <span class='ocrx_word' id='word_1_54' title='bbox 904 763 1008 842; x_wconf 91' lang='lat' dir='ltr'>populi</span> <span class='ocrx_word' id='word_1_55' title='bbox 1030 763 1128 826; x_wconf 88' lang='lat' dir='ltr'>Roma</span> 
     </span>
     <span class='ocr_line' id='line_1_8' title="bbox 136 852 1128 933; baseline -0.004 -20"><span class='ocrx_word' id='word_1_56' title='bbox 136 853 290 914; x_wconf 87' lang='lat' dir='ltr'>theatralis</span> <span class='ocrx_word' id='word_1_57' title='bbox 314 870 419 913; x_wconf 85' lang='lat' dir='ltr'>caveae</span> <span class='ocrx_word' id='word_1_58' title='bbox 443 853 542 932; x_wconf 79' lang='lat' dir='ltr'>fragor</span> <span class='ocrx_word' id='word_1_59' title='bbox 565 855 685 912; x_wconf 87' lang='lat' dir='ltr'>insonet</span> <span class='ocrx_word' id='word_1_60' title='bbox 707 858 737 913; x_wconf 88' lang='lat' dir='ltr'>et</span> <span class='ocrx_word' id='word_1_61' title='bbox 758 852 922 912; x_wconf 87' lang='lat' dir='ltr'>infortunio</span> <span class='ocrx_word' id='word_1_62' title='bbox 945 871 1014 913; x_wconf 90' lang='lat' dir='ltr'>meo</span> <span class='ocrx_word' id='word_1_63' title='bbox 1037 854 1128 933; x_wconf 88' lang='lat' dir='ltr'>publi</span> 
     </span>
     <span class='ocr_line' id='line_1_9' title="bbox 138 941 1127 1022; baseline 0.003 -20"><span class='ocrx_word' id='word_1_64' title='bbox 138 942 298 1021; x_wconf 90' lang='lat' dir='ltr'>deputetur</span> <span class='ocrx_word' id='word_1_65' title='bbox 321 944 446 1003; x_wconf 85' lang='lat' dir='ltr'>esuries.</span> <span class='ocrx_word' id='word_1_66' title='bbox 484 960 554 1002; x_wconf 88' lang='lat' dir='ltr'>sane</span> <span class='ocrx_word' id='word_1_67' title='bbox 577 941 657 1002; x_wconf 90' lang='lat' dir='ltr'>hunc</span> <span class='ocrx_word' id='word_1_68' title='bbox 680 943 779 1020; x_wconf 91' lang='lat' dir='ltr'>ipsum</span> <span class='ocrx_word' id='word_1_69' title='bbox 798 960 814 1001; x_wconf 87' lang='lat' dir='ltr'>e</span> <span class='ocrx_word' id='word_1_70' title='bbox 833 943 958 1020; x_wconf 90' lang='lat' dir='ltr'>vestigio</span> <span class='ocrx_word' id='word_1_71' title='bbox 978 942 1015 1003; x_wconf 90' lang='lat' dir='ltr'>ad</span> <span class='ocrx_word' id='word_1_72' title='bbox 1034 952 1127 1022; x_wconf 91' lang='lat' dir='ltr'>portu</span> 
     </span>
     <span class='ocr_line' id='line_1_10' title="bbox 138 1029 1128 1113; baseline 0.003 -23"><span class='ocrx_word' id='word_1_73' title='bbox 138 1033 257 1091; x_wconf 87' lang='lat' dir='ltr'>mittere</span> <span class='ocrx_word' id='word_1_74' title='bbox 280 1049 367 1111; x_wconf 77' lang='lat' dir='ltr'>paro,</span> <span class='ocrx_word' id='word_1_75' title='bbox 395 1033 464 1110; x_wconf 92' lang='lat' dir='ltr'>quia</span> <span class='ocrx_word' id='word_1_76' title='bbox 487 1033 609 1110; x_wconf 89' lang='lat' dir='ltr'>conperi</span> <span class='ocrx_word' id='word_1_77' title='bbox 633 1048 722 1090; x_wconf 90' lang='lat' dir='ltr'>naves</span> <span class='ocrx_word' id='word_1_78' title='bbox 746 1033 877 1109; x_wconf 88' lang='lat' dir='ltr'>quinque</span> <span class='ocrx_word' id='word_1_79' title='bbox 901 1029 1065 1093; x_wconf 90' lang='lat' dir='ltr'>Brundisio</span> <span class='ocrx_word' id='word_1_80' title='bbox 1089 1052 1128 1113; x_wconf 83' lang='lat' dir='ltr'>pn</span> 
     </span>
    </p>

    <p class='ocr_par' dir='ltr' id='par_1_5' title="bbox 96 1119 1128 1471">
     <span class='ocr_line' id='line_1_11' title="bbox 96 1119 1128 1198; baseline 0.002 -16"><span class='ocrx_word' id='word_1_81' title='bbox 96 1143 123 1182; x_wconf 81' lang='grc' dir='ltr'>ιο</span> <span class='ocrx_word' id='word_1_82' title='bbox 137 1119 229 1180; x_wconf 83' lang='lat' dir='ltr'>lectas</span> <span class='ocrx_word' id='word_1_83' title='bbox 254 1138 321 1180; x_wconf 89' lang='lat' dir='ltr'>cum</span> <span class='ocrx_word' id='word_1_84' title='bbox 345 1119 502 1198; x_wconf 85' lang='lat' dir='ltr'>speciebus</span> <span class='ocrx_word' id='word_1_85' title='bbox 525 1122 619 1180; x_wconf 88' lang='lat' dir='ltr'>tritici</span> <span class='ocrx_word' id='word_1_86' title='bbox 641 1138 675 1180; x_wconf 91' lang='lat' dir='ltr'>ac</span> <span class='ocrx_word' id='word_1_87' title='bbox 702 1119 799 1179; x_wconf 87' lang='lat' dir='ltr'>mellis</span> <span class='ocrx_word' id='word_1_88' title='bbox 824 1122 899 1180; x_wconf 90' lang='lat' dir='ltr'>ostia</span> <span class='ocrx_word' id='word_1_89' title='bbox 922 1119 1067 1182; x_wconf 86' lang='lat' dir='ltr'>Tiberina</span> <span class='ocrx_word' id='word_1_90' title='bbox 1091 1129 1128 1184; x_wconf 89' lang='lat' dir='ltr'>tet</span> 
     </span>
     <span class='ocr_line' id='line_1_12' title="bbox 137 1208 1128 1290; baseline 0.004 -22"><span class='ocrx_word' id='word_1_91' title='bbox 137 1211 229 1290; x_wconf 85' lang='lat' dir='ltr'>gissc3</span> <span class='ocrx_word' id='word_1_92' title='bbox 258 1228 384 1288; x_wconf 86' lang='lat' dir='ltr'>quarum</span> <span class='ocrx_word' id='word_1_93' title='bbox 407 1227 497 1269; x_wconf 92' lang='lat' dir='ltr'>onera</span> <span class='ocrx_word' id='word_1_94' title='bbox 521 1210 720 1288; x_wconf 83' lang='lat' dir='ltr'>expectationi</span> <span class='ocrx_word' id='word_1_95' title='bbox 746 1208 857 1290; x_wconf 77' lang='lat' dir='ltr'>plebis,</span> <span class='ocrx_word' id='word_1_96' title='bbox 885 1210 911 1268; x_wconf 92' lang='lat' dir='ltr'>si</span> <span class='ocrx_word' id='word_1_97' title='bbox 935 1210 1007 1288; x_wconf 94' lang='lat' dir='ltr'>quid</span> <span class='ocrx_word' id='word_1_98' title='bbox 1033 1217 1128 1272; x_wconf 86' lang='lat' dir='ltr'>strenr</span> 
     </span>
     <span class='ocr_line' id='line_1_13' title="bbox 136 1297 1128 1380; baseline 0.003 -22"><span class='ocrx_word' id='word_1_99' title='bbox 136 1301 226 1380; x_wconf 84' lang='lat' dir='ltr'>gerit,</span> <span class='ocrx_word' id='word_1_100' title='bbox 254 1301 363 1378; x_wconf 92' lang='lat' dir='ltr'>raptim</span> <span class='ocrx_word' id='word_1_101' title='bbox 390 1298 479 1359; x_wconf 83' lang='lat' dir='ltr'>faciet</span> <span class='ocrx_word' id='word_1_102' title='bbox 507 1299 621 1378; x_wconf 80' lang='lat' dir='ltr'>offerri,</span> <span class='ocrx_word' id='word_1_103' title='bbox 652 1297 911 1358; x_wconf 89' lang='lat' dir='ltr'>commendaturus</span> <span class='ocrx_word' id='word_1_104' title='bbox 935 1317 967 1358; x_wconf 92' lang='lat' dir='ltr'>se</span> <span class='ocrx_word' id='word_1_105' title='bbox 991 1299 1082 1380; x_wconf 88' lang='lat' dir='ltr'>mibi,</span> <span class='ocrx_word' id='word_1_106' title='bbox 1110 1319 1128 1361; x_wconf 95' lang='lat' dir='ltr'>n</span> 
     </span>
     <span class='ocr_line' id='line_1_14' title="bbox 136 1386 639 1471; baseline -0.002 -24"><span class='ocrx_word' id='word_1_107' title='bbox 136 1388 260 1471; x_wconf 82' lang='lat' dir='ltr'>populo,</span> <span class='ocrx_word' id='word_1_108' title='bbox 283 1395 443 1466; x_wconf 89' lang='lat' dir='ltr'>utmmque</span> <span class='ocrx_word' id='word_1_109' title='bbox 467 1386 530 1447; x_wconf 91' lang='lat' dir='ltr'>tibi.</span> <span class='ocrx_word' id='word_1_110' title='bbox 567 1386 639 1447; x_wconf 84' lang='lat' dir='ltr'>vale.</span> 
     </span>
    </p>
   </div>
   <div class='ocr_carea' id='block_1_3' title="bbox 336 1612 954 1792">
    <p class='ocr_par' dir='ltr' id='par_1_6' title="bbox 336 1612 954 1792">
     <span class='ocr_line' id='line_1_15' title="bbox 615 1612 670 1678; baseline -0.018 0"><span class='ocrx_word' id='word_1_111' title='bbox 615 1612 670 1678; x_wconf 87' lang='lat' dir='ltr'>XI.</span> 
     </span>
     <span class='ocr_line' id='line_1_16' title="bbox 336 1735 954 1792; baseline 0.003 -2"><span class='ocrx_word' id='word_1_112' title='bbox 336 1735 505 1791; x_wconf 86' lang='lat' dir='ltr'>SIDONIUS</span> <span class='ocrx_word' id='word_1_113' title='bbox 523 1735 668 1790; x_wconf 85' lang='lat' dir='ltr'>MONTIO</span> <span class='ocrx_word' id='word_1_114' title='bbox 687 1735 756 1791; x_wconf 85' lang='lat' dir='ltr'>SUO</span> <span class='ocrx_word' id='word_1_115' title='bbox 777 1735 954 1792; x_wconf 82' lang='lat' dir='ltr'>SALUTEM.</span> 
     </span>
    </p>
   </div>
   <div class='ocr_carea' id='block_1_4' title="bbox 94 1848 1128 2837">
    <p class='ocr_par' dir='ltr' id='par_1_7' title="bbox 99 1848 1128 2286">
     <span class='ocr_line' id='line_1_17' title="bbox 99 1848 1128 1932; baseline 0.001 -20"><span class='ocrx_word' id='word_1_116' title='bbox 99 1872 124 1912; x_wconf 86' lang='lat'>15</span> <span class='ocrx_word' id='word_1_117' title='bbox 207 1848 236 1910; x_wconf 89' lang='lat'>1.</span> <span class='ocrx_word' id='word_1_118' title='bbox 259 1848 339 1909; x_wconf 87' lang='lat' dir='ltr'>Petis</span> <span class='ocrx_word' id='word_1_119' title='bbox 362 1849 431 1931; x_wconf 79' lang='lat' dir='ltr'>tibi,</span> <span class='ocrx_word' id='word_1_120' title='bbox 458 1851 504 1909; x_wconf 88' lang='lat' dir='ltr'>vir</span> <span class='ocrx_word' id='word_1_121' title='bbox 532 1849 743 1931; x_wconf 77' lang='lat' dir='ltr'>disertissime,</span> <span class='ocrx_word' id='word_1_122' title='bbox 771 1850 924 1929; x_wconf 86' lang='lat' dir='ltr'>Sequanos</span> <span class='ocrx_word' id='word_1_123' title='bbox 947 1858 1016 1911; x_wconf 92' lang='lat' dir='ltr'>tuos</span> <span class='ocrx_word' id='word_1_124' title='bbox 1041 1860 1128 1932; x_wconf 85' lang='lat' dir='ltr'>expet</span> 
     </span>
     <span class='ocr_line' id='line_1_18' title="bbox 136 1939 1127 2021; baseline 0.005 -24"><span class='ocrx_word' id='word_1_125' title='bbox 136 1943 203 1998; x_wconf 88' lang='lat' dir='ltr'>turo</span> <span class='ocrx_word' id='word_1_126' title='bbox 228 1940 348 1999; x_wconf 90' lang='lat' dir='ltr'>satiram</span> <span class='ocrx_word' id='word_1_127' title='bbox 371 1941 473 1999; x_wconf 89' lang='lat' dir='ltr'>nescio</span> <span class='ocrx_word' id='word_1_128' title='bbox 493 1957 590 2020; x_wconf 86' lang='lat' dir='ltr'>quam,</span> <span class='ocrx_word' id='word_1_129' title='bbox 614 1941 640 1999; x_wconf 90' lang='lat' dir='ltr'>si</span> <span class='ocrx_word' id='word_1_130' title='bbox 659 1941 732 1999; x_wconf 90' lang='lat' dir='ltr'>sita</span> <span class='ocrx_word' id='word_1_131' title='bbox 751 1939 838 1999; x_wconf 89' lang='lat' dir='ltr'>nobis</span> <span class='ocrx_word' id='word_1_132' title='bbox 857 1942 1033 2021; x_wconf 79' lang='lat' dir='ltr'>perscripta,</span> <span class='ocrx_word' id='word_1_133' title='bbox 1057 1948 1127 2002; x_wconf 89' lang='lat' dir='ltr'>tran</span> 
     </span>
     <span class='ocr_line' id='line_1_19' title="bbox 136 2027 1128 2110; baseline 0.004 -23"><span class='ocrx_word' id='word_1_134' title='bbox 136 2028 222 2088; x_wconf 91' lang='lat' dir='ltr'>mitti.</span> <span class='ocrx_word' id='word_1_135' title='bbox 274 2027 353 2106; x_wconf 90' lang='lat' dir='ltr'>quod</span> <span class='ocrx_word' id='word_1_136' title='bbox 386 2028 506 2107; x_wconf 89' lang='lat' dir='ltr'>quidem</span> <span class='ocrx_word' id='word_1_137' title='bbox 538 2035 568 2089; x_wconf 91' lang='lat' dir='ltr'>tc</span> <span class='ocrx_word' id='word_1_138' title='bbox 594 2027 765 2107; x_wconf 86' lang='lat' dir='ltr'>¹postulasse</span> <span class='ocrx_word' id='word_1_139' title='bbox 799 2028 946 2110; x_wconf 81' lang='lat' dir='ltr'>demiror3</span> <span class='ocrx_word' id='word_1_140' title='bbox 979 2047 1040 2090; x_wconf 92' lang='lat' dir='ltr'>non</span> <span class='ocrx_word' id='word_1_141' title='bbox 1076 2033 1128 2091; x_wconf 87' lang='lat' dir='ltr'>eni</span> 
     </span>
     <span class='ocr_line' id='line_1_20' title="bbox 136 2117 1128 2198; baseline 0.004 -21"><span class='ocrx_word' id='word_1_142' title='bbox 136 2123 271 2178; x_wconf 88' lang='lat' dir='ltr'>sanctum</span> <span class='ocrx_word' id='word_1_143' title='bbox 295 2124 349 2198; x_wconf 81' lang='lat' dir='ltr'>est,</span> <span class='ocrx_word' id='word_1_144' title='bbox 377 2124 411 2177; x_wconf 93' lang='lat' dir='ltr'>ut</span> <span class='ocrx_word' id='word_1_145' title='bbox 434 2117 470 2178; x_wconf 87' lang='lat' dir='ltr'>de</span> <span class='ocrx_word' id='word_1_146' title='bbox 494 2117 628 2178; x_wconf 89' lang='lat' dir='ltr'>moribus</span> <span class='ocrx_word' id='word_1_147' title='bbox 657 2119 744 2177; x_wconf 90' lang='lat' dir='ltr'>amici</span> <span class='ocrx_word' id='word_1_148' title='bbox 768 2120 826 2178; x_wconf 91' lang='lat' dir='ltr'>cito</span> <span class='ocrx_word' id='word_1_149' title='bbox 849 2136 1007 2198; x_wconf 91' lang='lat' dir='ltr'>perperam</span> <span class='ocrx_word' id='word_1_150' title='bbox 1031 2123 1128 2181; x_wconf 87' lang='lat' dir='ltr'>sentia</span> 
     </span>
     <span class='ocr_line' id='line_1_21' title="bbox 134 2205 1128 2286; baseline 0.004 -21"><span class='ocrx_word' id='word_1_151' title='bbox 134 2205 204 2267; x_wconf 91' lang='lat' dir='ltr'>huic</span> <span class='ocrx_word' id='word_1_152' title='bbox 228 2224 310 2267; x_wconf 89' lang='lat' dir='ltr'>eram</span> <span class='ocrx_word' id='word_1_153' title='bbox 332 2206 456 2267; x_wconf 90' lang='lat' dir='ltr'>themati</span> <span class='ocrx_word' id='word_1_154' title='bbox 484 2206 597 2267; x_wconf 91' lang='lat' dir='ltr'>scilicet</span> <span class='ocrx_word' id='word_1_155' title='bbox 624 2205 818 2268; x_wconf 87' lang='lat' dir='ltr'>incubaturus</span> <span class='ocrx_word' id='word_1_156' title='bbox 846 2207 877 2267; x_wconf 96' lang='lat' dir='ltr'>id</span> <span class='ocrx_word' id='word_1_157' title='bbox 900 2209 960 2268; x_wconf 91' lang='lat' dir='ltr'>iam</span> <span class='ocrx_word' id='word_1_158' title='bbox 983 2225 1078 2286; x_wconf 87' lang='lat' dir='ltr'>agens</span> <span class='ocrx_word' id='word_1_159' title='bbox 1103 2216 1128 2269; x_wconf 89' lang='lat' dir='ltr'>ot</span> 
     </span>
    </p>

    <p class='ocr_par' dir='ltr' id='par_1_8' title="bbox 94 2295 1128 2622">
     <span class='ocr_line' id='line_1_22' title="bbox 94 2295 1128 2376; baseline -0.001 -18"><span class='ocrx_word' id='word_1_160' title='bbox 94 2319 120 2358; x_wconf 81' lang='lat' dir='ltr'>ao</span> <span class='ocrx_word' id='word_1_161' title='bbox 134 2295 224 2375; x_wconf 89' lang='lat' dir='ltr'>idque</span> <span class='ocrx_word' id='word_1_162' title='bbox 247 2295 360 2356; x_wconf 90' lang='lat' dir='ltr'>habens</span> <span class='ocrx_word' id='word_1_163' title='bbox 384 2297 462 2376; x_wconf 84' lang='lat' dir='ltr'>aevi,</span> <span class='ocrx_word' id='word_1_164' title='bbox 490 2295 569 2374; x_wconf 92' lang='lat' dir='ltr'>quod</span> <span class='ocrx_word' id='word_1_165' title='bbox 592 2298 730 2356; x_wconf 84' lang='lat' dir='ltr'>iuvenem</span> <span class='ocrx_word' id='word_1_166' title='bbox 757 2295 992 2374; x_wconf 86' lang='lat' dir='ltr'>militantemque</span> <span class='ocrx_word' id='word_1_167' title='bbox 1023 2297 1128 2360; x_wconf 70' lang='lat' dir='ltr'>dictast</span> 
     </span>
     <span class='ocr_line' id='line_1_23' title="bbox 134 2384 1128 2465; baseline 0.004 -21"><span class='ocrx_word' id='word_1_168' title='bbox 134 2386 405 2464; x_wconf 86' lang='lat' dir='ltr'>praesumptiosum</span> <span class='ocrx_word' id='word_1_169' title='bbox 438 2385 556 2465; x_wconf 86' lang='lat' dir='ltr'>luisset,</span> <span class='ocrx_word' id='word_1_170' title='bbox 592 2384 760 2464; x_wconf 82' lang='lat' dir='ltr'>publicasse</span> <span class='ocrx_word' id='word_1_171' title='bbox 794 2392 891 2446; x_wconf 88' lang='lat' dir='ltr'>autem</span> <span class='ocrx_word' id='word_1_172' title='bbox 924 2386 1128 2465; x_wconf 89' lang='lat' dir='ltr'>periculosum</span> 
     </span>
     <span class='ocr_line' id='line_1_24' title="bbox 134 2473 1128 2554; baseline 0.004 -21"><span class='ocrx_word' id='word_1_173' title='bbox 134 2476 183 2533; x_wconf 91' lang='lat' dir='ltr'>oni</span> <span class='ocrx_word' id='word_1_174' title='bbox 209 2492 337 2553; x_wconf 89' lang='lat' dir='ltr'>namque</span> <span class='ocrx_word' id='word_1_175' title='bbox 365 2475 591 2554; x_wconf 89' lang='lat' dir='ltr'>grammaticum</span> <span class='ocrx_word' id='word_1_176' title='bbox 620 2473 666 2533; x_wconf 85' lang='lat' dir='ltr'>vel</span> <span class='ocrx_word' id='word_1_177' title='bbox 694 2473 834 2534; x_wconf 89' lang='lat' dir='ltr'>salutanti</span> <span class='ocrx_word' id='word_1_178' title='bbox 861 2473 984 2535; x_wconf 86' lang='lat' dir='ltr'>Calaber</span> <span class='ocrx_word' id='word_1_179' title='bbox 1013 2475 1064 2536; x_wconf 89' lang='lat' dir='ltr'>ille</span> <span class='ocrx_word' id='word_1_180' title='bbox 1094 2495 1128 2537; x_wconf 80' lang='lat' dir='ltr'>nt</span> 
     </span>
     <span class='ocr_line' id='line_1_25' title="bbox 133 2561 220 2622; baseline 0.023 -2"><span class='ocrx_word' id='word_1_181' title='bbox 133 2561 220 2622; x_wconf 84' lang='lat' dir='ltr'>dixit:</span> 
     </span>
    </p>

    <p class='ocr_par' dir='ltr' id='par_1_9' title="bbox 135 2664 1128 2750">
     <span class='ocr_line' id='line_1_26' title="bbox 135 2664 1128 2750; baseline 0.004 -22"><span class='ocrx_word' id='word_1_182' title='bbox 135 2664 178 2728; x_wconf 79' lang='lat' dir='ltr'>‘si</span> <span class='ocrx_word' id='word_1_183' title='bbox 196 2668 285 2729; x_wconf 92' lang='lat' dir='ltr'>mala</span> <span class='ocrx_word' id='word_1_184' title='bbox 309 2669 517 2730; x_wconf 89' lang='lat' dir='ltr'>condiderit</span> <span class='ocrx_word' id='word_1_185' title='bbox 540 2672 575 2729; x_wconf 90' lang='lat' dir='ltr'>in</span> <span class='ocrx_word' id='word_1_186' title='bbox 599 2687 701 2749; x_wconf 88' lang='lat' dir='ltr'>quem</span> <span class='ocrx_word' id='word_1_187' title='bbox 725 2672 804 2748; x_wconf 90' lang='lat' dir='ltr'>quis</span> <span class='ocrx_word' id='word_1_188' title='bbox 826 2671 996 2750; x_wconf 85' lang='lat' dir='ltr'>carmina,</span> <span class='ocrx_word' id='word_1_189' title='bbox 1021 2673 1080 2732; x_wconf 91' lang='lat' dir='ltr'>ius</span> <span class='ocrx_word' id='word_1_190' title='bbox 1101 2691 1128 2733; x_wconf 73' lang='lat' dir='ltr'>er</span> 
     </span>
    </p>

    <p class='ocr_par' dir='ltr' id='par_1_10' title="bbox 94 2753 419 2837">
     <span class='ocr_line' id='line_1_27' title="bbox 94 2753 419 2837; baseline -0.003 -17"><span class='ocrx_word' id='word_1_191' title='bbox 94 2779 119 2820; x_wconf 80' lang='lat'>25</span> <span class='ocrx_word' id='word_1_192' title='bbox 134 2753 419 2837; x_wconf 75' lang='lat' dir='ltr'>iudiciumqueP&#39;</span> 
     </span>
    </p>
   </div>
   <div class='ocr_carea' id='block_1_5' title="bbox 132 2879 1129 3227">
    <p class='ocr_par' dir='ltr' id='par_1_11' title="bbox 132 2879 1129 3227">
     <span class='ocr_line' id='line_1_28' title="bbox 134 2879 1128 2965; baseline 0.006 -24"><span class='ocrx_word' id='word_1_193' title='bbox 134 2879 163 2942; x_wconf 77' lang='lat'>2.</span> <span class='ocrx_word' id='word_1_194' title='bbox 188 2882 239 2942; x_wconf 93' lang='lat' dir='ltr'>sed</span> <span class='ocrx_word' id='word_1_195' title='bbox 272 2901 310 2943; x_wconf 89' lang='lat' dir='ltr'>ne</span> <span class='ocrx_word' id='word_1_196' title='bbox 339 2882 411 2961; x_wconf 91' lang='lat' dir='ltr'>quid</span> <span class='ocrx_word' id='word_1_197' title='bbox 438 2882 516 2944; x_wconf 92' lang='lat' dir='ltr'>ultra</span> <span class='ocrx_word' id='word_1_198' title='bbox 543 2890 577 2943; x_wconf 91' lang='lat' dir='ltr'>tu</span> <span class='ocrx_word' id='word_1_199' title='bbox 605 2883 641 2943; x_wconf 90' lang='lat' dir='ltr'>de</span> <span class='ocrx_word' id='word_1_200' title='bbox 672 2882 766 2944; x_wconf 92' lang='lat' dir='ltr'>sodali</span> <span class='ocrx_word' id='word_1_201' title='bbox 797 2883 893 2943; x_wconf 89' lang='lat' dir='ltr'>simile</span> <span class='ocrx_word' id='word_1_202' title='bbox 926 2883 1045 2965; x_wconf 80' lang='lat' dir='ltr'>credas,</span> <span class='ocrx_word' id='word_1_203' title='bbox 1081 2889 1128 2965; x_wconf 88' lang='lat' dir='ltr'>qui</span> 
     </span>
     <span class='ocr_line' id='line_1_29' title="bbox 133 2970 1126 3052; baseline 0.007 -23"><span class='ocrx_word' id='word_1_204' title='bbox 133 2971 224 3030; x_wconf 85' lang='lat' dir='ltr'>luerit</span> <span class='ocrx_word' id='word_1_205' title='bbox 248 2970 329 3052; x_wconf 80' lang='lat' dir='ltr'>illud,</span> <span class='ocrx_word' id='word_1_206' title='bbox 358 2971 436 3051; x_wconf 92' lang='lat' dir='ltr'>quod</span> <span class='ocrx_word' id='word_1_207' title='bbox 459 2990 507 3032; x_wconf 92' lang='lat' dir='ltr'>me</span> <span class='ocrx_word' id='word_1_208' title='bbox 532 2975 670 3033; x_wconf 87' lang='lat' dir='ltr'>sinistrae</span> <span class='ocrx_word' id='word_1_209' title='bbox 694 2990 796 3032; x_wconf 89' lang='lat' dir='ltr'>mmor</span> <span class='ocrx_word' id='word_1_210' title='bbox 819 2991 853 3032; x_wconf 89' lang='lat' dir='ltr'>ac</span> <span class='ocrx_word' id='word_1_211' title='bbox 876 2972 976 3032; x_wconf 89' lang='lat' dir='ltr'>fumus</span> <span class='ocrx_word' id='word_1_212' title='bbox 999 2976 1126 3052; x_wconf 91' lang='lat' dir='ltr'>opinion</span> 
     </span>
     <span class='ocr_line' id='line_1_30' title="bbox 133 3058 1129 3142; baseline 0.006 -23"><span class='ocrx_word' id='word_1_213' title='bbox 133 3058 253 3139; x_wconf 83' lang='lat' dir='ltr'>afflavit,</span> <span class='ocrx_word' id='word_1_214' title='bbox 280 3059 397 3139; x_wconf 91' lang='lat' dir='ltr'>longius</span> <span class='ocrx_word' id='word_1_215' title='bbox 420 3060 507 3140; x_wconf 90' lang='lat' dir='ltr'>paulo</span> <span class='ocrx_word' id='word_1_216' title='bbox 531 3061 583 3122; x_wconf 94' lang='lat' dir='ltr'>sed</span> <span class='ocrx_word' id='word_1_217' title='bbox 608 3060 644 3122; x_wconf 96' lang='lat' dir='ltr'>ab</span> <span class='ocrx_word' id='word_1_218' title='bbox 668 3063 783 3140; x_wconf 83' lang='lat' dir='ltr'>origine</span> <span class='ocrx_word' id='word_1_219' title='bbox 808 3079 960 3140; x_wconf 82' lang='lat' dir='ltr'>exponam.</span> <span class='ocrx_word' id='word_1_220' title='bbox 1006 3069 1129 3142; x_wconf 87' lang='lat' dir='ltr'>tempor</span> 
     </span>
     <span class='ocr_line' id='line_1_31' title="bbox 132 3147 1128 3227; baseline 0.007 -19"><span class='ocrx_word' id='word_1_221' title='bbox 132 3148 188 3208; x_wconf 92' lang='lat' dir='ltr'>bus</span> <span class='ocrx_word' id='word_1_222' title='bbox 208 3149 333 3227; x_wconf 85' lang='lat' dir='ltr'>Augusti</span> <span class='ocrx_word' id='word_1_223' title='bbox 351 3147 506 3210; x_wconf 88' lang='lat' dir='ltr'>Maioriani</span> <span class='ocrx_word' id='word_1_224' title='bbox 529 3152 663 3211; x_wconf 84' lang='lat' dir='ltr'>venitin</span> <span class='ocrx_word' id='word_1_225' title='bbox 686 3150 818 3211; x_wconf 91' lang='lat' dir='ltr'>medium</span> <span class='ocrx_word' id='word_1_226' title='bbox 843 3151 943 3211; x_wconf 89' lang='lat' dir='ltr'>charta</span> <span class='ocrx_word' id='word_1_227' title='bbox 967 3153 1128 3215; x_wconf 83' lang='lat' dir='ltr'>comitatur</span> 
     </span>
    </p>
   </div>
   <div class='ocr_carea' id='block_1_6' title="bbox 203 3318 1118 3466">
    <p class='ocr_par' dir='ltr' id='par_1_12' title="bbox 203 3318 1118 3466">
     <span class='ocr_line' id='line_1_32' title="bbox 203 3318 581 3391; baseline 0.005 -17"><span class='ocrx_word' id='word_1_228' title='bbox 203 3323 239 3374; x_wconf 81' lang='lat'>24</span> <span class='ocrx_word' id='word_1_229' title='bbox 256 3318 324 3375; x_wconf 83' lang='lat' dir='ltr'>Hor.</span> <span class='ocrx_word' id='word_1_230' title='bbox 340 3322 392 3375; x_wconf 81' lang='lat' dir='ltr'>sat.</span> <span class='ocrx_word' id='word_1_231' title='bbox 406 3320 440 3390; x_wconf 82' lang='lat' dir='ltr'>ii,</span> <span class='ocrx_word' id='word_1_232' title='bbox 456 3326 479 3389; x_wconf 91' lang='lat'>1,</span> <span class='ocrx_word' id='word_1_233' title='bbox 496 3327 529 3376; x_wconf 76' lang='lat'>82</span> <span class='ocrx_word' id='word_1_234' title='bbox 541 3339 581 3391; x_wconf 86' lang='lat' dir='ltr'>sq.</span> 
     </span>
     <span class='ocr_line' id='line_1_33' title="bbox 205 3391 1118 3466; baseline 0.005 -20"><span class='ocrx_word' id='word_1_235' title='bbox 205 3399 219 3446; x_wconf 92' lang='lat'>1</span> <span class='ocrx_word' id='word_1_236' title='bbox 238 3393 304 3446; x_wconf 83' lang='lat' dir='ltr'>tuta</span> <span class='ocrx_word' id='word_1_237' title='bbox 322 3407 501 3461; x_wconf 83' lang='lat' dir='ltr'>praesumere</span> <span class='ocrx_word' id='word_1_238' title='bbox 517 3392 545 3461; x_wconf 79' lang='lat'>0,</span> <span class='ocrx_word' id='word_1_239' title='bbox 565 3408 742 3461; x_wconf 82' lang='lat' dir='ltr'>praesumere</span> <span class='ocrx_word' id='word_1_240' title='bbox 756 3391 818 3446; x_wconf 85' lang='lat' dir='ltr'>viia</span> <span class='ocrx_word' id='word_1_241' title='bbox 832 3391 859 3444; x_wconf 85' lang='lat' dir='ltr'><em>L</em></span> <span class='ocrx_word' id='word_1_242' title='bbox 875 3396 879 3458; x_wconf 93' lang='grc' dir='ltr'>Ι</span> <span class='ocrx_word' id='word_1_243' title='bbox 896 3391 997 3447; x_wconf 85' lang='lat' dir='ltr'>illaesa</span> <span class='ocrx_word' id='word_1_244' title='bbox 1010 3409 1061 3449; x_wconf 86' lang='lat' dir='ltr'>om.</span> <span class='ocrx_word' id='word_1_245' title='bbox 1077 3412 1118 3466; x_wconf 75' lang='lat' dir='ltr'>sp.</span> 
     </span>
    </p>
   </div>
   <div class='ocr_carea' id='block_1_7' title="bbox 122 3462 1128 3604">
    <p class='ocr_par' dir='ltr' id='par_1_13' title="bbox 122 3462 1128 3604">
     <span class='ocr_line' id='line_1_34' title="bbox 122 3462 1128 3604; baseline 0.003 -87"><span class='ocrx_word' id='word_1_246' title='bbox 122 3462 294 3604; x_wconf 54' lang='lat' dir='ltr'>gpf&#39;·zpl&#39;⁵</span> <span class='ocrx_word' id='word_1_247' title='bbox 314 3465 496 3536; x_wconf 81' lang='lat' dir='ltr'>causamque]</span> <span class='ocrx_word' id='word_1_248' title='bbox 516 3465 676 3532; x_wconf 82' lang='lat' dir='ltr'>famamque</span> <span class='ocrx_word' id='word_1_249' title='bbox 697 3463 721 3519; x_wconf 83' lang='lat'><em>0</em></span> <span class='ocrx_word' id='word_1_250' title='bbox 730 3468 769 3533; x_wconf 79' lang='lat' dir='ltr'>l9</span> <span class='ocrx_word' id='word_1_251' title='bbox 788 3463 942 3518; x_wconf 88' lang='lat' dir='ltr'>brundusio</span> <span class='ocrx_word' id='word_1_252' title='bbox 962 3465 989 3518; x_wconf 84' lang='lat' dir='ltr'><strong><em>L</em></strong></span> <span class='ocrx_word' id='word_1_253' title='bbox 1009 3466 1019 3534; x_wconf 75' lang='lat' dir='ltr'>l</span> <span class='ocrx_word' id='word_1_254' title='bbox 1041 3471 1073 3520; x_wconf 73' lang='lat' dir='ltr'>nt</span> <span class='ocrx_word' id='word_1_255' title='bbox 1096 3484 1128 3535; x_wconf 83' lang='lat' dir='ltr'>qu</span> 
     </span>
     <span class='ocr_line' id='line_1_35' title="bbox 172 3551 237 3592; baseline 0.031 -2"><span class='ocrx_word' id='word_1_256' title='bbox 172 3551 237 3592; x_wconf 66' lang='lat' dir='ltr'>acue</span> 
     </span>
    </p>
   </div>
   <div class='ocr_carea' id='block_1_8' title="bbox 0 0 1212 3864">
    <p class='ocr_par' dir='ltr' id='par_1_14' title="bbox 0 0 1212 3864">
     <span class='ocr_line' id='line_1_36' title="bbox 0 0 1212 3864; baseline 0 0"><span class='ocrx_word' id='word_1_257' title='bbox 0 0 1212 3864; x_wconf 95' lang='lat' dir='ltr'> </span> 
     </span>
    </p>
   </div>
  </div>
 </body>
</html>
