2414 3864
102 185 278 244 SIDONIUS
295 184 440 244 DOMINO
459 186 578 242 PAPAE
597 186 788 243 NUNEOHIO
807 187 984 247 SALUTEM.
1024 190 1086 255 197

535 402 623 469 ΧΠΙ.

137 543 309 601 SIDONIUS
328 542 473 599 DOMINO
491 543 610 598 PAPAE
630 543 821 600 NUNECHIO
841 543 1020 599 SALUTEM.

139 674 168 738 1.
192 674 283 736 Multa
306 677 337 736 iu
360 683 389 735 te
413 693 522 754 genera
544 677 701 756 virtutum,
723 694 799 755 papa
821 675 1001 757 beatissime,
1023 695 1087 737 mu·
1174 704 1176 710 ·

76 782 144 825 uere
171 782 299 844 superno
319 771 458 842 congesta
477 763 647 842 gaudemus.
686 765 831 844 siquidem
851 783 937 844 agere
956 767 1088 826 narraris

76 856 136 914 sine
163 852 304 932 superbia
326 851 457 914 nobilem
481 854 545 913 sine
569 853 679 914 invidia
702 861 867 937 potentem,
895 856 959 915 sine
984 873 1087 934 super-

76 944 195 1004 stitione
224 941 398 1020 religiosum
430 944 495 1002 sine
525 944 663 1002 iactantia
690 942 866 1024 litteratum,
890 945 953 1004 sino
977 945 1088 1023 ineptia
1116 959 1129 1001 a

76 1049 194 1110 gravem
228 1032 292 1091 sine
325 1029 423 1117 studio
455 1031 596 1112 facetum,
626 1033 690 1092 sine
719 1034 877 1112 asperitate
905 1039 1089 1093 constantem

76 1122 140 1181 sine
165 1118 361 1199 popularitate
385 1138 580 1180 communem.
628 1117 656 1181 2.
680 1130 833 1199 praeterea
856 1121 903 1181 his
926 1121 982 1182 hoc
1005 1141 1090 1201 prae-

78 1210 296 1270 stantissimum
327 1208 414 1269 bonis
447 1208 523 1269 lama
555 1216 778 1290 superaggerat,
811 1210 888 1288 quod
921 1217 950 1270 te
983 1213 1090 1271 asserit

76 1297 164 1359 hasce
183 1303 228 1358 tot
242 1298 351 1376 gratias
370 1297 608 1376 fastigatissimae
628 1301 759 1375 caritatis
778 1316 846 1358 arce
864 1298 1089 1381 transcendere3

76 1387 163 1468 lama,
194 1389 331 1468 inquam,
364 1405 438 1465 quae
470 1387 506 1447 de
534 1386 671 1447 laudibus
699 1390 758 1448 tuis
790 1405 857 1448 oum
881 1394 966 1448 canat
988 1386 1089 1468 multa,
1104 1406 1129 1446 ro

76 1475 139 1555 plus
173 1477 289 1536 reticet.
335 1493 404 1536 nam
434 1473 551 1554 longius
587 1478 756 1537 constitutis
789 1478 939 1537 actionum
970 1482 1089 1536 tuarum

76 1567 260 1645 propositum
282 1570 381 1644 potest
404 1567 564 1646 assignare,
586 1583 647 1624 non
665 1583 832 1626 numerum.
870 1583 995 1644 quarum
1013 1564 1088 1626 rela-

76 1655 152 1714 tione
176 1671 341 1714 suocensus
364 1652 442 1714 ultro
465 1655 594 1735 primus,
626 1660 659 1714 ut
689 1654 775 1733 longe
799 1654 971 1715 interiorem
995 1654 1089 1735 decet,

76 1742 105 1803 ad
139 1741 288 1803 solvenda.
308 1742 405 1802 officia
432 1760 577 1822 procurro
606 1761 661 1804 nec
689 1762 795 1804 vereor
823 1743 1003 1822 garrulitatis
1035 1743 1088 1803 ali-

76 1831 189 1910 quando
223 1833 320 1912 argui,
351 1832 403 1910 qui
432 1833 517 1910 potui
546 1833 756 1892 taciturnitatis
786 1831 1128 1912 hucusqueculpari.15

76 1917 100 1981 3.
124 1920 302 1982 commendo
321 1919 493 1980 Promotum
511 1920 646 1999 gerulum
665 1920 841 2003 litterarum,
860 1921 943 1982 vohis
968 1922 1088 2001 quidem

76 2017 136 2071 ante
168 2011 229 2069 iam
256 2011 421 2089 cognitum,
454 2009 506 2070 sed
533 2016 669 2070 nostrum
696 2028 793 2089 nuper
820 2011 958 2072 effectum
981 2013 1088 2072 vestris

76 2097 255 2159 orationihus
279 2097 490 2178 contribulem3
519 2100 570 2176 qui
599 2118 666 2159 eum
691 2101 730 2159 sit
757 2106 844 2178 gente
867 2099 1006 2181 iudaeus,
1030 2101 1087 2160 tide
1175 2144 1181 2157 .

76 2192 168 2248 tamen
192 2185 355 2265 praeelegit
374 2189 491 2247 censeri
508 2186 642 2248 israelita
661 2207 749 2266 quam
769 2191 921 2270 sanguine,
940 2196 970 2249 et
988 2190 1086 2249 muni-

76 2277 201 2356 cipatum
234 2275 371 2336 caelestis
399 2275 479 2336 illius
513 2278 640 2337 civitatis
669 2278 809 2338 affectans
842 2277 1086 2355 occidentemque
1101 2295 1127 2335 ao

77 2359 201 2426 litteram
235 2366 343 2443 spiritu
374 2365 539 2425 vivificante
572 2366 740 2447 fastidiens,
772 2369 885 2446 pariter
912 2367 970 2426 huo
998 2367 1085 2426 iustis

76 2455 201 2527 praemia
216 2454 368 2532 proposita
382 2453 594 2536 contemplans,
608 2455 675 2536 huc,
690 2457 749 2515 nisi
764 2455 874 2516 taceret
889 2455 925 2515 ad
935 2454 1086 2516 Christum

77 2538 107 2602 de
131 2543 363 2602 circumcisione
382 2543 589 2624 transfugium,
611 2544 787 2623 praevidens
807 2563 873 2604 sese
892 2563 947 2623 per
966 2551 1085 2605 aeterna

76 2629 189 2692 saecuta
213 2633 385 2709 aequiterna
409 2631 554 2712 supplicia
577 2651 743 2714 passurum,
762 2635 888 2712 patriam
908 2633 965 2693 sibi
982 2631 1086 2693 maluit

76 2711 258 2781 Hierusalem
276 2722 377 2799 potius
396 2739 484 2799 quam
502 2721 739 2802 Hierusolymam
758 2724 930 2801 computari.
967 2719 997 2783 4.
1021 2723 1085 2800 qui·
1100 2737 1126 2778 25

76 2799 129 2869 bus
164 2811 272 2888 agnitis
306 2809 510 2869 adventantem
540 2810 673 2871 Abrahae
706 2829 785 2872 nuno
818 2810 912 2872 tilium
939 2812 1087 2871 veriorem

76 2900 214 2958 maternis
238 2897 318 2958 ulnis
342 2897 484 2976 spiritahs
508 2898 596 2959 Sarra
620 2902 771 2979 suscipiat.
808 2918 935 2978 namque
955 2899 991 2959 ad
1010 2899 1087 2978 Agar

76 2985 208 3047 marham
239 2988 390 3066 pertinere
420 2994 491 3047 tunc
519 2987 620 3068 desiit,
653 3007 720 3049 oum
747 2989 849 3067 legalis
882 2988 1086 3050 observantiae

76 3076 246 3136 servitutem
269 3077 380 3154 gratiae
403 3075 539 3136 libertate
563 3080 694 3138 mutavit.
737 3079 772 3138 de
796 3086 905 3160 cetero,
929 3097 1005 3158 quae
1029 3079 1086 3158 ipsi

147 3268 159 3316 1
177 3262 316 3318 nonachio
336 3264 435 3334 LMO,
458 3264 616 3319 nonnechio
636 3267 662 3320 Τ
682 3270 691 3333 {l
715 3273 730 3320 9
750 3267 826 3338 arce]
846 3266 926 3336 apice
950 3268 1084 3323 Witomo-

76 3329 158 3412 *vital
173 3342 204 3389 16
223 3334 303 3390 vobis
314 3335 341 3389 L
354 3341 380 3390 et
395 3345 474 3402 (corr.
485 3338 518 3391 ira
530 3336 612 3391 nohis
622 3337 719 3405 N¹)N‚
738 3338 819 3392 nobis
830 3338 867 3392 M
871 3338 922 3393 GT
933 3341 943 3407 ΙΙ
958 3344 990 3392 19
1004 3353 1085 3406 prae-

76 3390 149 3476 legrt
164 3405 190 3459 L
207 3412 233 3462 et
256 3410 336 3476 (corr.
356 3408 388 3461 tn
410 3407 568 3476 praeelegit
586 3408 688 3475 M¹)M
707 3412 716 3479 l
739 3415 772 3463 21
792 3409 847 3464 huc
865 3410 892 3462 L
910 3415 935 3464 et
954 3413 1034 3476 (corr.
1053 3410 1086 3461 tre

76 3460 144 3585 [pue
156 3476 259 3603 Μ,
288 3477 354 3531 hane
373 3478 466 3533 Mor
489 3483 500 3550 p
527 3485 560 3535 22
580 3478 681 3535 huot
705 3487 730 3538 a
753 3487 838 3551 (coer.
856 3482 890 3537 aa
906 3479 982 3534 urae
997 3477 1109 3545 netu„

98 3553 144 3595 me
251 3552 268 3617 p
