2414 3864
423 162 576 217 CABMHN
593 162 628 220 V.
967 165 1030 230 271

99 315 164 373 etsi
187 331 248 373 non
272 315 361 394 acies,
384 312 525 373 decorant
547 321 647 373 tamen
670 314 727 373 ista
749 314 924 393 triumphos.

99 421 160 463 nec
183 421 232 463 me
255 401 382 481 Lageam
407 404 530 480 stirpem
554 419 734 462 memorasse
758 402 872 482 pigebit

97 490 198 552 bostis
222 491 257 552 ad
281 491 449 570 exemplum
472 493 577 571 vestri,
605 509 733 570 namque
761 509 890 570 auguror
913 491 1030 553 hisdem

102 583 206 660 regnis
229 580 378 641 fortunam
402 579 539 661 similem,
563 599 631 641 cum
654 579 741 641 luxus
765 582 796 640 in
819 580 869 641 illa

102 676 187 750 parte
212 671 252 730 sit
274 669 414 749 aequalis,
437 687 492 730 nec
515 671 600 748 peior
624 669 732 729 Caesar
754 671 786 729 in
808 671 873 729 ista.

74 758 185 819 tilicet
208 759 388 839 aggrederis,
411 757 490 837 quod
513 757 612 818 nuHus
635 765 769 837 tempore
791 764 895 818 nostro

102 848 254 926 Augustus
277 849 387 926 potuit:
410 847 539 925 rigidum
563 846 765 926 septemplicis
788 846 883 907 Histri

102 955 210 1015 agmen
232 938 265 996 in
287 954 368 996 arma
392 938 481 1014 rapis.
527 954 595 995 nam
620 936 762 1015 quicquid
786 935 942 1015 languidus
966 940 1029 998 axis

103 1025 223 1085 cardine
248 1025 382 1085 Sithonio
407 1024 461 1084 sub
484 1023 629 1085 Parrhase
652 1027 780 1104 parturit
802 1024 886 1106 Ursa,

104 1114 161 1175 hoc
184 1120 280 1175 totum
302 1121 353 1174 tua
377 1115 460 1192 signa
483 1120 581 1194 pavet3
604 1112 755 1190 Bastarna,
780 1113 904 1195 Suebus,

74 1216 83 1264 t
103 1202 285 1284 Pannonius,
307 1203 435 1283 Neurus,
459 1201 589 1282 Chunus,
614 1201 695 1284 Geta,
718 1201 823 1283 Dacus,
845 1202 985 1285 HalanuS,

101 1291 281 1373 Bebonetus,
303 1291 415 1372 Rugus,
437 1291 619 1373 Burgundio,
641 1290 745 1372 Vesus,
768 1292 870 1372 AliteS,

101 1380 219 1461 Bisalta,
243 1379 449 1461 Ostrogothus,
471 1379 655 1461 Procrustes,
679 1380 820 1462 Sarmata,
845 1379 984 1441 Moschus

101 1478 169 1548 post
193 1469 305 1548 aquilas
328 1487 436 1529 venere
458 1477 538 1550 tuas3
561 1468 617 1528 tibi
640 1469 748 1530 militat
771 1472 867 1530 omnis

102 1558 250 1619 Caucasus
274 1566 304 1619 et
327 1558 480 1637 Scythicae
504 1564 591 1636 potor
614 1558 784 1619 Tanaiticus
807 1558 912 1619 undae.

74 1663 80 1708 l
102 1647 173 1726 quid
196 1648 284 1708 saciat
306 1648 424 1708 fortuna
446 1643 524 1706 viri?
548 1665 750 1726 quascumque
774 1649 913 1728 minatur,

101 1736 155 1796 has
177 1738 301 1797 tremuit
322 1739 380 1796 iam
398 1736 492 1796 Roma
512 1753 630 1817 manus3
653 1736 741 1796 modo
760 1738 895 1815 principe
914 1735 969 1796 sub
989 1744 1028 1818 te,

100 1843 138 1885 ne
162 1832 283 1907 metuat,
305 1843 398 1904 prope
421 1843 510 1904 parva
533 1831 625 1905 putat,
648 1827 708 1885 nisi
731 1827 840 1885 serviat
863 1824 917 1907 illi,

101 1914 180 1994 qued
204 1917 304 1975 timuit
326 1922 469 1992 regnante
493 1913 559 1974 alio.
605 1916 664 1973 iam
688 1922 784 1975 castra
807 1914 946 1975 movebas

103 2011 132 2064 et
155 2013 184 2063 te
209 2003 335 2063 diversis
359 2002 508 2082 stipabant
531 2002 614 2063 milia
637 2005 744 2082 signis:
835 2001 838 2004 ’

74 2104 82 2151 t
103 2091 279 2170 obsequium
303 2110 375 2170 gens
398 2110 456 2152 nna
480 2098 576 2173 negat,
601 2111 675 2171 qnae
699 2110 795 2172 nuper
818 2092 853 2152 ab
876 2092 977 2153 Histro

101 2180 216 2241 rettulit
238 2181 416 2241 indomitum
440 2180 526 2241 solito
550 2181 747 2241 truculentior
770 2199 884 2262 agmen,

102 2269 179 2348 quod
205 2270 333 2330 dominis
356 2289 411 2348 per
433 2269 509 2329 bella
532 2276 613 2330 caret
636 2269 805 2349 populoque
831 2269 959 2349 superbo

105 2357 220 2418 Tuldila
242 2358 413 2438 plectendas
437 2361 468 2419 in
491 2358 605 2438 proelia
629 2361 760 2438 suggerit
784 2360 851 2418 iras.

101 2446 150 2507 hic
174 2453 207 2507 tu
230 2449 278 2507 vix
302 2450 393 2508 armis
416 2450 522 2526 positis
545 2450 654 2508 iterum
678 2466 759 2508 arma
782 2453 943 2507 retractas:

74 2535 272 2596 oBistcnides
295 2535 386 2596 veluti
410 2536 552 2597 Ciconum
576 2555 644 2597 cum
668 2537 743 2596 ferte
766 2538 889 2614 pruinas

104 2622 224 2703 Ogygiis
249 2625 399 2704 complent
421 2625 540 2706 thiasis,
565 2643 618 2686 seu
642 2624 815 2703 Strymonos
839 2627 916 2685 arvis

102 2731 155 2774 seu
180 2732 211 2774 se
234 2731 289 2792 per
311 2714 474 2794 Rhodopen
499 2733 565 2794 seu,
594 2732 650 2793 qua
678 2713 831 2773 nimbosus
860 2715 891 2773 in
915 2731 1028 2792 aequor

101 2802 191 2862 volvit
213 2801 413 2882 Hyperboreis
436 2805 468 2863 in
492 2802 627 2863 cautibus
649 2802 805 2863 Hismarus
828 2800 976 2881 Hebrum,

102 2890 150 2951 dat
175 2909 278 2951 somno
301 2911 374 2971 vaga
397 2892 497 2971 turba,
521 2891 611 2952 simul
633 2892 740 2952 lassata
764 2893 921 2970 quiescunt

74 2987 83 3036 5
103 2982 182 3059 orgia
207 2987 237 3040 et
260 2981 296 3041 ad
319 2980 446 3041 biforem
464 2980 567 3041 reboat
585 2999 640 3041 nec
659 2980 731 3040 tibia
750 2981 867 3060 ilatum,

102 3070 148 3128 vix
169 3071 303 3151 requies,
322 3072 381 3130 iam
399 3067 422 3147 †
441 3077 530 3149 ponte
550 3069 654 3151 ligant,
673 3076 750 3130 rotat
769 3068 875 3129 enthea
893 3068 1028 3148 thyrsum

104 3156 237 3218 bassaris
261 3166 290 3218 et
313 3158 437 3219 maculis
460 3158 639 3237 Erythraeae
662 3158 803 3218 nebridos
826 3157 952 3218 horrens

85 3385 134 3436 467
154 3381 244 3436 isdem
261 3383 284 3437 0
289 3383 345 3437 ΤΡ
356 3386 366 3453 ΙΙ
380 3389 431 3438 477
451 3383 576 3438 Pirustes
591 3385 773 3439 Wilomowitz
786 3386 795 3451 ΙΙ
809 3389 860 3437 491
877 3380 1026 3450 strymonis

74 3450 206 3508 trimonis
227 3455 258 3509 F
278 3455 287 3523 y
311 3459 363 3509 493
383 3455 492 3509 cotibus
511 3457 549 3510 M
567 3459 576 3522 ΙΙ
599 3459 651 3508 496
672 3455 771 3524 sponte
792 3452 910 3524 fliam
927 3453 1029 3506 fronde

74 3535 108 3577 ns
118 3525 277 3594 Mommsen,
294 3541 407 3597 campos
417 3526 550 3599 relegunt
559 3527 724 3599 Buecheler,
734 3533 851 3597 ubercota
865 3519 1061 3586 dubitanter&
