2414 3864
321 108 490 165 SIDONIUS
508 107 605 164 APRO
625 106 694 163 SUO
716 106 895 163 SALUTEM.
1076 106 1118 171 97

93 277 324 341 persequamur.
362 257 391 320 2.
418 257 559 319 Haeduus
582 265 668 336 pater
694 255 765 337 tibi,¹
791 264 886 317 mater
909 257 1040 318 Arverna
1063 265 1117 319 est.

94 351 207 430 primis
231 348 363 408 Haeduis
387 346 520 428 deberis,
544 365 615 425 ergo
638 364 699 407 non
722 344 807 426 solie,
831 344 877 406 vel
899 354 1022 425 propter
1045 346 1119 408 illud

94 436 270 517 exemplum
297 439 393 498 nostri
420 436 563 516 MaroniS,
595 454 654 514 quo
683 442 760 495 teste
788 434 896 516 Pallas,
929 437 973 495 sic
1000 435 1119 496 habitus

94 528 188 588 Arcas
214 526 293 605 quod
316 527 429 605 pariter
456 532 486 586 et
509 525 641 606 Samnis,
669 526 700 585 in
722 523 900 584 Mezentium
924 542 1043 585 movere
1066 544 1118 604 po·

94 619 207 677 tuisset
226 622 260 675 ut
277 616 454 694 peregrinus
473 633 554 674 arma
571 612 777 694 Etruscorum,
796 615 833 674 ni
852 615 986 673 mixtus
1004 621 1117 674 matre
1144 631 1159 672 5

95 702 241 766 Sabella
259 711 399 783 partem
418 721 558 782 quoque
578 705 721 782 patriae
740 701 821 763 inde
841 703 1024 763 traxisset.
1048 721 1118 763 ecce

95 794 192 855 habes
216 811 356 872 magnum
374 793 502 853 maximo
522 799 643 853 auctore
662 791 883 873 documentum,
907 791 985 870 quod
1004 793 1118 871 patriae

95 901 168 963 pars
193 881 391 961 computanda
415 883 455 942 sit
477 889 507 942 et
530 883 612 960 regio
635 887 778 962 materna,
801 882 982 960 nisipoctas
1002 887 1118 942 etcum

96 972 133 1032 ab
167 970 294 1032 historia
325 989 385 1031 non
412 969 557 1031 recedunt
584 971 706 1030 mentiri
734 970 927 1031 existimabis.
969 966 998 1030 3.
1027 972 1119 1049 igitur

97 1061 224 1121 Arverni
252 1062 278 1120 si
305 1061 474 1139 portionem
499 1062 544 1120 tui
568 1058 665 1120 saltim
694 1061 826 1120 vicissim
852 1061 918 1120 iure
941 1057 1000 1118 sibi
1023 1059 1118 1119 vindi·
1132 1081 1159 1121 io

97 1157 175 1230 cant,
194 1151 343 1229 patienter
361 1149 483 1210 admitte
504 1150 720 1227 querimoniam
739 1148 970 1227 desiderantum,
993 1150 1045 1227 qui
1063 1147 1118 1209 tibi

97 1257 151 1319 per
179 1240 270 1299 unius
300 1239 361 1298 oris
385 1238 515 1298 officium
538 1256 598 1298 non
620 1239 711 1298 unius
734 1239 864 1316 pectoris
887 1236 1047 1316 profudere
1072 1255 1117 1297 se-

97 1334 222 1389 cretum.
269 1345 343 1406 ques
371 1325 467 1405 palam
495 1334 525 1387 et
553 1345 652 1388 coram
681 1327 780 1386 dicere
808 1333 893 1405 puta:
922 1321 1004 1404 ‘quid
1033 1328 1117 1387 inte

98 1416 170 1477 mali
193 1423 318 1496 tantum,
341 1417 466 1496 ingrate,
489 1417 701 1496 commisimus,
723 1423 758 1476 ut
775 1434 829 1494 per
848 1423 892 1476 tot
911 1431 1004 1474 annos
1023 1432 1117 1492 quon·

96 1505 166 1566 dam
190 1505 314 1566 humum
341 1504 476 1565 altricem
497 1523 578 1566 nunc
605 1503 685 1566 velut
707 1504 856 1565 hosticum
880 1502 976 1564 solum
999 1501 1117 1581 fugias?
1132 1524 1157 1565 15

96 1595 146 1656 bic
165 1592 344 1655 incunabula
363 1600 413 1654 tua
432 1593 575 1674 fovimus3
594 1595 643 1654 hic
662 1595 807 1671 vagientis
823 1593 964 1652 infantiae
979 1590 1118 1653 lactantia

97 1682 233 1744 membra
251 1684 456 1764 formavimns3
474 1683 524 1743 bic
539 1685 699 1744 civicarum
713 1681 884 1744 baiulabare
899 1681 1015 1761 pondus
1034 1682 1117 1743 ulna·

99 1791 175 1833 rum.
213 1767 243 1832 4.
267 1771 337 1832 hinc
360 1790 431 1832 avus
454 1771 575 1853 Fronto,
601 1772 728 1833 blandus
750 1771 807 1832 tibi
830 1770 888 1831 sibi
911 1789 1042 1852 severus,
1066 1773 1118 1850 qui

98 1860 237 1964 exemplo
255 1879 322 1921 esse
340 1863 488 1940 potuisset
505 1861 562 1942 his,
586 1880 660 1940 quos
681 1860 824 1922 habemus
844 1878 898 1920 nos
917 1861 949 1920 in
968 1860 1116 1941 exemp103

98 1951 168 2011 binc
193 1952 257 2010 avia
280 1949 428 2030 Auspicia,
452 1968 526 2028 quae
550 1949 604 2010 tibi
628 1957 697 2030 post
719 1957 786 2010 tuae
811 1951 914 2010 matris
939 1948 1041 2010 orbato
1065 1949 1115 2010 de·
1130 1970 1157 2010 ro

98 2057 218 2100 cessum
250 2038 392 2118 dependit
423 2056 481 2099 una
514 2057 615 2099 curam
644 2040 779 2100 duarum
821 2039 931 2098 sedet
918 2045 1065 2099 tmatert
1067 2057 1117 2098 era

98 2136 149 2189 tua
173 2128 243 2188 hinc
267 2135 296 2188 et
319 2127 389 2188 binc
411 2127 468 2188 fuit
491 2131 621 2188 sanctior
645 2130 756 2188 sanctis
775 2127 919 2188 Frontina
941 2127 1117 2206 virginibus,

99 2235 188 2296 quam
217 2215 339 2276 verebat
326 2223 376 2276 tur
402 2224 497 2277 mater
525 2223 610 2296 pater
633 2216 842 2297 venerabatur,
870 2234 1001 2276 summae
1026 2215 1116 2276 absti-

99 2308 219 2366 nentiae
248 2304 360 2387 puella,
390 2308 498 2365 summi
525 2308 647 2386 rigoris,
675 2325 709 2366 ac
736 2306 793 2366 fide
821 2302 934 2384 ingenti
961 2307 1004 2364 sic
1027 2304 1116 2364 deum

98 2398 217 2476 timens,
245 2401 280 2454 ut
302 2393 338 2454 ab
361 2393 532 2456 hominibus
556 2403 748 2456 metueretur.
793 2394 843 2454 hic
866 2401 895 2454 te
919 2392 1114 2454 imbuendum
1128 2413 1155 2456 2⁵

99 2482 274 2544 liberalibus
305 2482 472 2563 disciplinis
500 2486 686 2563 grammatici
712 2483 900 2561 rhetorisque
934 2480 1031 2542 studia
1063 2482 1116 2542 lle-

99 2575 196 2633 remia
220 2574 335 2632 monitu
359 2580 490 2633 certante
514 2573 660 2654 foverunt,
683 2573 762 2633 unde
786 2580 819 2633 tu
842 2578 985 2632 nontam
1004 2572 1116 2632 medio-

99 2665 192 2722 criter
216 2663 369 2723 institutus
393 2664 490 2743 existi,
512 2669 547 2723 ut
568 2662 624 2723 tibi
647 2660 734 2722 liceat
754 2662 902 2722 Arvernos
925 2659 972 2720 vel
994 2667 1117 2740 propter

99 2748 213 2811 litteras
231 2768 292 2810 non
311 2768 418 2812 amare.
456 2749 486 2813 5.
511 2758 595 2812 taceo
618 2753 764 2812 territorii
781 2748 962 2830 peculiarem
980 2750 1116 2810 iucundi-

98 2848 204 2920 tatem3
231 2846 315 2900 taceo
343 2840 415 2901 illud
440 2858 551 2919 aequor
574 2859 726 2921 agrorum,
756 2842 787 2899 in
811 2857 869 2918 quo
894 2841 958 2899 sine
981 2838 1115 2917 periculo
1130 2860 1157 2901 eo

173 3045 292 3115 6Verg
313 3047 382 3102 Aen.
401 3046 480 3115 VIII,
500 3051 552 3101 510
562 3063 603 3114 sq
622 3044 653 3099 ni
675 3045 780 3100 mixtus
803 3048 894 3100 matre
914 3045 1027 3101 Sabella
1049 3046 1116 3100 hinc

99 3119 213 3187 partem
230 3118 341 3186 patriae
359 3090 493 3172 trahere’t.

174 3195 206 3242 12
224 3196 287 3258 port
304 3189 399 3245 crisa.
420 3191 437 3244 l
457 3191 521 3245 odd
541 3187 775 3256 me1M³T¹l15
793 3186 888 3257 fugias
907 3189 977 3257 ΕΝ,
997 3187 1117 3256 effugias

99 3261 138 3316 M
141 3260 164 3314 0
169 3261 194 3314 T
206 3263 216 3329 11
230 3263 263 3314 18
279 3277 391 3316 severus
406 3260 461 3314 sibi
477 3261 520 3328 01
534 3265 568 3314 20
583 3259 666 3314 orbat
667 3277 683 3313 ο
698 3260 781 3328 Iacet
777 3260 885 3327 Qobaoo
903 3260 1003 3313 orbata
1017 3259 1110 3314 codd.
1108 3263 1118 3328 11

101 3337 134 3385 22
156 3336 184 3385 et
203 3338 267 3386 ante
286 3331 350 3386 hinc
369 3333 429 3388 ee'cl.
449 3333 532 3401 Iacet
528 3333 626 3387 chono
645 3332 655 3401 11
676 3337 710 3385 24
728 3331 783 3384 fide
803 3329 912 3400 ingenti
931 3330 1014 3398 Licet?
1011 3300 1117 3396 'chenib

99 3402 166 3529 II}
174 3402 316 3472 indigenti
329 3402 356 3457 L
374 3410 399 3459 et
418 3404 526 3471 (corr
514 3421 546 3457 tn
562 3402 629 3458 fidei
648 3399 772 3470 ingeniis
788 3401 821 3456 N
823 3402 888 3470 )N
907 3399 975 3455 fidei
992 3348 1118 3468 ingentis

149 3574 295 3611 Animam
279 3573 468 3616 micardmon.
964 3566 985 3614 'l
