2414 3864
165 187 324 245 smouros
342 187 488 245 ooumo
506 187 625 244 aaran
645 188 790 245 aaaron
809 188 986 244 sanorum.
1031 182 1095 252 133

551 439 624 506 VH.

166 560 330 617 SIDONIUS
348 561 494 618 DOMINO
513 561 632 617 PAPAE
650 561 811 617 FONTEIO
831 560 1010 617 SALUTEM.

155 673 179 735 1.
198 674 230 735 Si
248 673 360 755 aliquid
379 675 415 736 ad
433 675 629 736 inchoandam
643 678 767 754 gratiam
781 675 949 755 compendii
966 676 1095 754 posteris

69 755 187 825 tribuit
216 764 405 825 necessitudo
437 767 602 844 praemissa
629 766 795 845 seniorum,
827 782 881 843 ego
913 782 1030 842 quoque
1059 762 1096 823 ad

62 852 263 926 apostolatus
290 855 335 915 tui
363 856 499 915 notitiam
525 853 690 933 pleniorem
718 871 786 914 cum
813 855 1015 932 praerogativa
1044 852 1095 912 do-

58 941 227 1004 mesticae·
250 941 457 1004 familiaritatis
486 943 603 1004 accedo.
649 960 717 1002 nam
742 944 786 1002 sic
808 949 838 1002 tc
861 941 989 1003 fumidae
1012 959 1095 1002 meae
1122 956 1136 998 ι

56 1029 298 1092 validissmum
315 1033 348 1091 in
362 1030 480 1092 Christo
495 1049 613 1110 semper
626 1037 784 1110 patronum
803 1031 896 1091 fuisse
911 1033 1097 1111 reminiscor,

55 1120 123 1178 ut
145 1121 287 1180 amicitias
315 1127 382 1180 tuas
409 1138 469 1180 non
496 1126 556 1180 tam
585 1119 764 1198 expetendas
794 1119 868 1179 mihi
897 1138 985 1198 quam
1011 1137 1098 1199 repe-

52 1199 186 1268 tendas
209 1214 320 1288 putem.
343 1208 391 1268 his
414 1208 550 1289 adicitur,
573 1208 652 1287 quod
675 1208 884 1287 indignissimo
907 1208 982 1269 mihi
1003 1210 1097 1286 impo-

58 1293 175 1357 Situm
198 1297 391 1359 sacerdotalis
414 1315 523 1358 nomen
546 1297 637 1357 officii
660 1297 819 1375 confugere
843 1315 891 1357 me
914 1297 950 1357 ad
973 1315 1098 1376 precum

52 1385 249 1447 vostrarum
280 1386 428 1465 praesidia
460 1385 622 1466 compellit,
653 1392 687 1446 ut
718 1385 813 1446 adhuc
845 1385 998 1446 ulcerosae
1029 1403 1097 1445 con·
1111 1402 1138 1442 no

55 1476 225 1536 Scientiae
252 1476 342 1534 nimis
371 1474 470 1535 hiulca
493 1474 614 1535 vulnera
641 1481 740 1535 vestro
765 1474 863 1535 saltim
886 1477 1097 1534 cicatricentur

56 1567 175 1625 oratu.
221 1561 251 1624 2
280 1570 460 1667 quapropter
490 1581 538 1624 me
570 1581 712 1643 meosque
747 1563 956 1624 commendans
990 1570 1021 1623 et
1048 1581 1098 1623 ex-

57 1657 189 1713 ¹lassans
212 1652 248 1713 lit
235 1659 328 1713 tteras
350 1655 480 1712 seriores
503 1653 655 1731 granditer
674 1652 807 1733 obsecro,
830 1659 863 1712 ut
881 1654 1098 1713 intercessione

63 1747 233 1830 Pounnata,
257 1742 343 1801 ouius
361 1740 506 1801 viribus
498 1760 626 1802 immane
645 1741 772 1823 polletis,
795 1741 942 1801 clericalis
964 1743 1098 1801 tirocinii

62 1831 117 1889 111
137 1829 222 1891 nohis
245 1831 392 1908 reptantia
416 1830 583 1891 rudimenta
606 1832 826 1911 tueamini,ut,
850 1833 876 1890 si
900 1830 971 1908 quid
994 1830 1095 1908 digna·
1111 1844 1138 1885 rs

66 1902 163 1980 bitur
185 1918 221 1979 de
245 1936 363 1979 morum
385 1921 529 1997 pravitate
552 1926 724 1980 nostrorum
741 1918 936 1980 immutabilis
961 1919 1010 1979 dci
1032 1937 1098 1980 mu-

71 2004 146 2068 tare
165 2007 331 2088 clementia,
353 2014 449 2068 totum
467 2008 498 2068 id
518 2008 726 2086 suffragiorum
744 2015 810 2068 rest
811 2026 913 2068 rorum
932 2010 1097 2087 patrocinio

78 2089 253 2158 debeamus.
290 2114 404 2157 memor
426 2099 522 2157 nostri
546 2114 611 2157 esse
636 2098 768 2178 dignare,
791 2097 909 2157 dominc
934 2115 1016 2176 papa.

545 2339 635 2406 VIII.

169 2460 339 2518 smonrus
357 2461 501 2517 nomino
520 2461 640 2516 aaran
659 2461 804 2517 amuco
825 2459 1003 2517 sanorum.

148 2574 177 2637 1.
214 2576 340 2654 Apicum
377 2573 491 2636 oblator
526 2593 688 2655 pauperem
723 2578 813 2637 vitam
851 2573 913 2635 sola
944 2572 1098 2633 mercandi
1110 2590 1137 2630 ao

88 2667 197 2727 actione
226 2669 385 2745 sustentat3
412 2683 472 2725 non
499 2663 543 2725 illi
570 2672 616 2725 cst
639 2666 790 2745 opificium
814 2664 964 2744 quaestui,
992 2661 1098 2722 militia

88 2753 247 2835 commodo,
270 2752 385 2814 cultura
404 2755 593 2836 compendi03
617 2752 699 2835 <oh>
716 2755 773 2815 hoc
791 2756 898 2834 ipsum,
922 2751 1000 2831 quod
1019 2769 1097 2812 mer-

88 2844 231 2905 cennariis
245 2842 507 2922 prosecutionibus
522 2851 552 2904 et
565 2843 699 2904 locaticia
713 2844 884 2922 fatigatione
899 2844 1098 2923 cognoscitur,

87 2931 156 2994 fama
182 2932 303 3012 quidem
328 2950 381 2992 sua
404 2932 457 2993 sed
485 2932 607 2993 facultas
631 2935 739 2992 crescit
762 2932 866 2992 aliena.
913 2930 965 2990 sed
988 2937 1097 3011 tamen,

88 3024 223 3099 quoniam
246 3020 290 3081 illi
312 3021 387 3081 fides
410 3039 514 3098 magna
538 3028 596 3101 est,
627 3023 684 3080 etsi
706 3039 795 3100 parva
818 3018 996 3099 substantia,
1025 3036 1096 3097 quo·
1111 3033 1138 3076 ro

87 3112 160 3170 tiens
184 3126 254 3170 cum
276 3111 413 3188 pecuniis
437 3111 644 3188 quorumpiam
667 3108 773 3189 catapli
795 3111 925 3170 recentis
949 3108 1096 3168 nundinas

89 3198 156 3279 adit,
184 3197 384 3258 creditoribus
412 3197 488 3258 benc
517 3197 646 3258 credulis
675 3198 736 3258 sola
764 3197 885 3276 deponit
907 3215 1025 3257 morum
1048 3213 1098 3255 cx-

90 3290 249 3364 perimenta
271 3303 326 3364 pro
349 3288 482 3365 pignore,
520 3284 549 3347 2
573 3289 652 3347 inter
673 3287 844 3347 dIctandum
862 3286 935 3346 mihi
954 3288 1010 3346 ista
1029 3301 1097 3361 sug-

156 3474 263 3530 1Font
251 3473 309 3528 telo
329 3473 451 3545 Morp
473 3481 508 3530 22
528 3475 564 3531 ob
584 3477 697 3534 addidit
718 3476 919 3548 Incctj‚olcnno
936 3491 991 3528 orn
1008 3468 1130 3535 codol

96 3549 124 3596 to
133 3561 222 3612 pma
238 3562 287 3600 om.
310 3545 357 3615 Ol!
367 3552 403 3600 27
421 3547 622 3618 experimenta
641 3569 760 3610 morum
780 3551 831 3626 Gli
