2414 3864
96 171 163 236 284
489 170 640 226 duumuir
658 171 718 228 VII.

188 319 361 381 rettulerat:
383 339 458 382 nova
481 321 558 382 bella
581 322 690 380 iterum
713 338 903 400 pugnamque
925 318 973 380 sub
990 312 1041 394 ipsis
1117 321 1119 333 '

115 420 167 469 245
188 412 247 469 iam
270 412 383 488 patriae
407 412 501 470 muris
524 411 663 490 periurus
688 417 853 470 commovet
875 409 971 470 hostis.

187 498 319 559 Litorius
337 498 496 578 'Scythicos
516 500 632 578 equites
655 505 719 560 tum
743 499 819 559 forte
844 498 960 559 subacto

188 587 285 649 celsus
308 588 479 648 Aremorico
504 587 638 648 Geticum
662 571 797 666 rapiebat
820 590 852 648 in
875 605 973 667 agmen

187 695 241 756 per
263 684 374 757 terras,
397 676 541 757 Arverno,
563 686 646 757 tuas,
669 678 721 755 qui
744 678 880 756 proxima
903 687 1016 756 quaeque

188 766 339 845 discursu,
362 765 502 845 flammiS,
525 766 619 845 ferro,
642 765 773 846 feritate,
796 767 910 845 rapinis

117 866 169 916 252
189 853 338 934 delebant,
362 857 443 933 pacis
468 852 602 914 salientes
624 871 733 914 nomen
757 857 854 915 inane.

188 943 277 1003 huius
300 950 365 1002 tum
389 942 531 1003 famulum
554 942 673 1022 quidam
696 943 896 1004 truculentior
917 943 1018 1014 horum,

189 1049 257 1091 mox
281 1031 428 1112 feriende,
452 1032 540 1112 ieris3
563 1034 624 1093 ruit
648 1030 697 1092 ille
721 1039 751 1092 et
774 1034 873 1093 tristia
896 1033 951 1092 iata

190 1121 376 1181 commendat
399 1120 520 1181 domino
544 1120 661 1181 absenti
683 1128 859 1200 partemque
883 1121 999 1182 futuram

189 1209 335 1270 vindictae
359 1212 491 1269 moriens
515 1210 649 1289 Stygium
672 1228 724 1288 spe
748 1217 848 1289 portat
871 1210 907 1271 ad
930 1216 1030 1269 amnem·

117 1309 169 1359 255
190 1305 220 1358 et
242 1300 301 1358 iam
323 1299 400 1358 fama
423 1300 486 1358 viro
510 1305 608 1358 turres
631 1306 791 1377 portasque
814 1301 912 1360 tuenti

189 1389 299 1448 intuitu
322 1387 443 1466 pavidae
467 1386 563 1466 plebis
586 1387 699 1466 perfert
723 1386 821 1449 scelus
845 1396 949 1449 actum.

189 1478 350 1556 excutitur,
374 1482 479 1556 restat,
502 1474 604 1557 pallet,
627 1475 730 1555 rubet,
753 1475 831 1555 alget
856 1485 886 1538 et
908 1476 993 1552 ardet,

189 1584 223 1625 ac
247 1564 367 1624 sibimet
389 1563 496 1625 multas
519 1564 633 1626 vultum
656 1567 766 1625 variata
788 1584 843 1644 per
866 1583 956 1626 unum

190 1656 234 1713 ira
258 1654 327 1713 facit
349 1654 454 1734 facies,
476 1652 536 1734 vel,
560 1656 612 1733 qui
634 1671 698 1714 mos
722 1672 810 1733 saepe
839 1654 963 1734 dolenti,

118 1753 171 1803 262
189 1741 256 1821 plus
281 1749 358 1801 amat
382 1744 557 1822 extinctum,
581 1743 701 1803 tandem
722 1745 892 1823 prorumpit
914 1751 943 1804 et
964 1749 1033 1809 arua,

190 1849 271 1890 arma
294 1832 406 1911 fremit,
428 1833 607 1910 pinguisque
631 1833 793 1892 etiamnum
817 1827 1045 1911 sanguineum

190 1919 295 2000 lorica,
318 1919 441 1980 obtusus
464 1939 519 1998 per
541 1920 667 1981 barbara
690 1919 812 1981 vulnera
836 1929 941 1983 contus

190 2017 278 2086 atque
303 2008 358 2068 sub
382 2008 509 2068 assiduis
533 2009 670 2070 dentatus
694 2009 836 2070 caedibus
859 2013 948 2071 ensis.

190 2096 315 2157 includit
338 2115 423 2157 suras
447 2099 544 2157 ocreis
568 2100 716 2176 capitique
740 2101 901 2159 micantem

118 2197 170 2248 265
189 2176 316 2264 imponit
339 2185 464 2266 galeam,
483 2185 580 2247 sulvus
603 2189 651 2247 cui
675 2190 784 2248 crescit
806 2190 838 2247 in
864 2187 954 2248 altum

191 2294 283 2335 conus
307 2282 336 2334 et
359 2277 464 2335 iratam
486 2274 632 2336 iaculatur
655 2278 765 2337 vertice
789 2275 895 2337 lucem.

191 2371 221 2424 et
244 2366 302 2424 iam
326 2363 441 2423 scandit
465 2382 574 2443 equum
598 2364 749 2444 vulsisque
773 2384 789 2425 a
813 2365 933 2426 cardine
955 2361 1033 2444 portis

190 2454 311 2533 emicat3
335 2445 483 2512 adsistunt
506 2455 586 2514 seclo
610 2453 768 2533 Virtusque
792 2453 941 2533 Dolorque

191 2548 220 2601 et
242 2541 355 2601 Pudor:
378 2549 504 2602 armatas
527 2541 588 2622 pilo
611 2545 687 2621 petit
709 2544 837 2622 impiger
859 2542 920 2604 alas

119 2629 349 2709 impugnando
371 2648 501 2708 pugnam
525 2649 684 2712 quaerens,
711 2632 910 2711 pavidumque
932 2650 985 2710 per
1004 2636 1080 2706 agmen

190 2719 351 2779 multorum
374 2721 498 2780 interitu
521 2731 705 2799 compensat,
729 2720 808 2798 quod
830 2720 903 2781 latet
925 2738 1006 2782 unus.

120 2790 127 2811 ¹
190 2810 233 2868 sic
256 2808 416 2887 Phrygium
439 2807 573 2868 Emathia
597 2811 741 2869 rictorem
765 2810 889 2888 cuspide
912 2824 1030 2888 poscens

191 2896 333 2956 Aeacides
357 2915 443 2956 caeso
467 2896 580 2957 luctum
603 2899 729 2958 frenavit
752 2900 846 2958 amico

190 3003 245 3063 per
268 2993 379 3045 mortes
403 2992 459 3066 tot,
483 2987 584 3067 Troia,
608 2993 687 3068 tuas,
711 2988 769 3046 iam
792 2986 861 3047 vilia
885 3006 957 3067 prae
980 3005 1008 3047 se

172 3178 225 3226 245
240 3172 368 3243 periurus
383 3175 579 3230 thumowa'tz:
590 3172 739 3243 periturus
749 3176 825 3231 codd.
840 3177 849 3244 ΙΙ
864 3181 917 3230 253
926 3179 989 3246 fort.
1002 3174 1088 3228 futuri»0

101 3244 279 3313 hupedano
306 3249 315 3316 ΙΙ
342 3251 394 3300 258
413 3245 521 3299 curiata
543 3247 620 3301 codd.
647 3250 657 3312 n
684 3245 844 3300 26210rioa
866 3251 896 3302 et
914 3249 972 3304 obt.
990 3241 1067 3301 MOY
1082 3234 1090 3307 ΙΙ

102 3321 153 3371 263
174 3316 238 3387 sub]
262 3315 298 3369 ab
318 3318 354 3370 M
358 3318 383 3371 Τ
407 3320 417 3386 ΙΙ
444 3323 495 3371 258
515 3315 622 3371 socium
642 3317 685 3386 Κ·
707 3320 771 3384 sort.
792 3317 885 3373 sociae
904 3319 1067 3389 Duetjohoao
1083 3310 1089 3373 *J

101 3392 154 3443 274
173 3403 240 3456 prae
254 3403 315 3458 epo:
333 3405 384 3456 per
397 3389 490 3456 codd.;
508 3404 587 3442 ruere
602 3390 710 3443 transit.
716 3411 727 3457 ;
745 3390 780 3457 cf.
795 3389 845 3444 Sit.
866 3391 901 3458 V,
913 3395 969 3446 393
986 3391 1090 3454 ferroque

98 3475 183 3515 ruens
203 3457 385 3529 densissimam
405 3459 538 3531 Oppriou.
557 3459 630 3514 Gall.
645 3460 736 3515 and.
753 3464 829 3516 1223
848 3460 1012 3532 oblatusque
1027 3450 1091 3513 muni

91 3549 200 3590 cuneos
221 3535 284 3608 (per
304 3531 378 3591 vilia
395 3533 458 3589 iam
475 3548 505 3586 se
526 3531 595 3600 Leo,
607 3547 640 3598 p.
653 3547 684 3583 2.
697 3529 722 3583 i.
736 3529 779 3581 sio
793 3531 979 3600 Bocotaiortq
