2414 3864
435 136 588 192 CARMEN
605 137 652 192 lX.

194 295 323 365 stragem
346 305 402 347 nec
425 288 656 348 Trasimenicam
680 286 829 371 loquatur,

194 376 302 437 fratres
326 376 477 455 Scipiadas
500 383 585 454 putet
609 376 753 458 silendos,

193 483 269 544 quos
292 465 478 527 Tartesiacus
502 472 631 525 retentat
654 464 748 547 orbis,

123 565 173 615 250
192 554 335 615 Eufraten
358 561 453 615 taceat
476 553 551 614 male
575 557 752 634 appetitum,

193 642 368 704 Crassorum
392 651 422 703 et
444 643 577 703 madidas
601 661 706 703 cruore
731 642 859 704 Carrhas

192 732 238 792 vel
262 751 350 813 quoe,
373 732 526 813 Spartace,
550 732 704 792 consulum
729 731 844 793 solebas

191 822 308 881 victrici
332 820 444 900 gladios
468 822 570 899 fugare
595 823 671 902 sica,

192 911 291 989 ipsum
313 928 369 970 nec
393 910 461 970 sseat
484 910 532 970 ille
556 910 623 989 plus
647 908 790 990 duellum,

122 1010 172 1059 255
193 999 271 1077 quod
295 1006 363 1078 post
386 999 533 1060 Cimbrica
556 998 694 1059 turbidus
717 999 858 1077 trophaea

192 1095 222 1148 et
244 1090 376 1148 vinctum
399 1086 610 1148 Nasamonium
633 1086 817 1168 Iugurtham,

191 1176 261 1237 dum
285 1179 401 1256 quaerit
423 1177 656 1237 Mithridaticum
678 1176 876 1259 triumphum,

191 1266 316 1345 Arpinas
338 1265 431 1326 voluit
453 1284 572 1326 movere
596 1264 700 1345 Syllae.

235 1354 301 1415 Non
324 1354 493 1415 Gaetulicus
516 1355 565 1415 hic
588 1355 643 1415 tihi
666 1354 793 1434 legetur,

123 1457 173 1506 250
194 1462 252 1504 non
276 1444 404 1524 Marsus,
427 1443 519 1525 Pedo,
544 1444 648 1524 Silius,
672 1440 822 1524 Tibullus,

190 1550 250 1593 non
273 1533 351 1611 quod
375 1532 523 1612 Sulpiciae
546 1535 629 1593 iocus
652 1531 771 1593 Thaliae

190 1624 311 1701 scripsit
332 1621 556 1701 blandiloquum
580 1640 633 1682 suo
658 1620 779 1700 Caleno,

189 1728 249 1770 non
272 1710 357 1771 Persi
379 1713 461 1788 rigor
483 1718 533 1772 aut
557 1711 638 1789 lepos
662 1709 812 1789 Properti,

191 1799 241 1859 sed
266 1817 327 1871 nec¹
345 1802 520 1860 centimeter
542 1799 747 1860 Terentianus,

117 1902 169 1951 255
189 1905 249 1948 non
271 1887 403 1949 Lucilius
426 1888 475 1949 hic
497 1888 713 1967 Lucretiusque
737 1893 796 1968 est,

187 1994 248 2036 non
270 1977 403 2058 TurnuS,
425 1976 550 2057 Memor,
573 1977 700 2058 Ennius,
723 1974 869 2056 Catullus,

189 2064 279 2138 Stella
303 2073 332 2126 et
355 2066 517 2144 Septimius
540 2065 756 2146 Petroniusque

189 2160 239 2215 aut
261 2154 384 2214 mordax
409 2157 473 2215 sine
497 2156 555 2214 fine
579 2154 735 2235 Martialis,

186 2260 246 2302 non
270 2245 321 2322 qui
344 2251 477 2322 tempore
502 2243 636 2304 Caesaris
661 2244 783 2304 secundi

114 2344 169 2393 270
189 2339 309 2393 aeterno
332 2332 457 2393 incoluit
479 2333 587 2393 Tomos
611 2340 707 2412 reatu,

187 2438 242 2480 nec
266 2423 318 2500 qui
340 2421 488 2482 consimili
512 2422 618 2482 deiude
643 2440 713 2481 casu

187 2509 222 2569 ad
245 2509 325 2588 vulgi
347 2516 467 2570 tenuem
492 2511 652 2589 strepentis
676 2526 778 2570 auram

187 2600 254 2658 irati
278 2599 333 2659 luit
355 2599 509 2659 histrionis
533 2599 613 2678 exul,

183 2705 242 2746 non
264 2687 417 2748 Pelusiaco
442 2696 523 2748 satus
547 2687 678 2767 Canopo,

113 2787 166 2838 275
187 2777 239 2855 qui
262 2777 425 2855 ferruginei
448 2784 529 2837 toros
552 2779 653 2837 mariti

185 2872 215 2925 et
237 2865 320 2925 Musa
344 2868 422 2926 canit
445 2867 556 2926 inferos
581 2883 722 2945 superna,
795 2941 798 2947 Ι

185 2971 241 3014 nec
265 2957 317 3033 qui
340 2957 397 3014 iam
421 2954 556 3033 patribus
580 2955 661 3015 luere
686 2954 796 3013 nostris

184 3045 281 3122 primo
304 3051 438 3123 tempore
462 3046 582 3103 maximi
606 3042 734 3122 sodales,

185 3150 311 3211 quorum
335 3152 412 3194 unus
434 3133 613 3193 Bonifatium
637 3139 757 3192 secutus

112 3233 166 3284 280
186 3239 241 3281 nec
265 3239 324 3282 non
347 3223 542 3302 praecipitem
564 3221 771 3282 Sebastianum

92 3432 145 3483 255
165 3445 204 3483 aaa
216 3426 365 3497 turgidus?
380 3431 389 3498 l
404 3434 455 3483 255
472 3427 578 3483 vicium
591 3428 740 3483 Buecheler
752 3429 762 3495 ss
776 3432 828 3482 250
843 3424 928 3482 Silius
942 3425 1039 3498 culam

66 3497 120 3554 rius
139 3500 216 3556 codd.
232 3501 307 3570 11265
327 3502 371 3554 est
388 3501 467 3556 malit
485 3500 571 3558 delere
590 3500 795 3571 Luetlohuuull
