2414 3864
173 158 343 216 smouros
360 158 506 224 oomuo
525 157 645 215 emm
661 123 805 215 nasum
825 159 1004 216 saturnu.
1044 125 1107 226 1‘47

85 327 201 373 uorum
225 309 395 371 reficiamur
417 326 549 371 assensu.
585 306 615 376 4.
639 307 676 369 de
700 315 799 370 cetero
824 310 902 387 quod
926 310 962 370 ad
984 309 1108 373 honoris

85 401 183 461 vestri
208 404 322 477 spectat
343 399 587 477 praerogativam,
613 395 713 458 nullus
736 416 753 459 a
774 415 823 458 me
846 397 989 460 hactenus
1012 401 1107 459 nomi-

86 495 188 568 natus,
212 486 312 548 nullus
335 485 493 567 adhibitus,
514 485 615 547 nullus
633 484 745 547 electus
764 494 822 567 est,
846 489 945 548 omnia
963 506 1107 549 censurae

89 585 158 639 tuae
191 574 273 637 salva
299 574 421 637 inlibata
449 575 542 636 solida
572 582 735 636 servantur.
781 583 904 639 tantum,
922 576 980 637 hoc
1006 595 1108 639 meum

89 666 176 746 duco,
204 671 318 725 vestras
345 665 471 725 invitare
497 681 641 742 personas
669 671 825 743 expectare
853 665 1019 727 voluntates
1045 665 1106 727 lau·
1135 684 1147 725 ⁵

90 754 159 817 dare
194 755 372 834 sententias,
405 759 435 814 et
466 771 534 814 cum
561 755 593 813 in
625 752 724 813 locum
756 760 924 834 statumque
956 755 1107 834 pontificis

90 846 218 923 piisque
243 842 398 925 sufficitur,
419 848 453 902 ut
476 859 493 902 a
515 840 599 902 vobis
622 848 828 923 praeceptum,
856 861 872 903 a
895 862 942 904 me
965 843 1107 922 procedat

90 931 277 1011 obsequium.
323 927 352 993 5.
377 930 431 991 sed
454 932 489 1011 si,
512 930 590 1010 quod
613 938 713 991 tamen
736 930 865 992 arbitror
887 920 1107 1014 minime'fore,

89 1020 233 1099 precibus
262 1021 336 1080 meis
351 1019 444 1098 ‘apud
473 1037 525 1080 vos
555 1018 742 1082 malesuadus
772 1018 922 1082 obstiterit
949 1024 1107 1102 interpres,

88 1111 233 1188 poteritis·
251 1110 450 1188 praesentiam
477 1114 605 1169 vestram
632 1110 731 1188 potius
760 1127 902 1170 excusare
932 1128 1020 1190 quam
1044 1109 1105 1172 cul-
1121 1131 1147 1171 ro

88 1215 173 1280 pam,
196 1200 275 1259 siout
297 1215 314 1259 c
337 1197 465 1280 diverso,
488 1200 514 1258 si
537 1198 654 1279 venitis,
678 1196 843 1279 ostenditis,
868 1200 936 1277 quia
956 1190 1106 1260 lerminus

86 1289 224 1365 potnerit
249 1288 321 1366 poni
347 1293 463 1355 vestrae
493 1286 613 1365 quidem
644 1287 773 1367 regioni,
806 1287 858 1347 sed
888 1304 948 1347 non
975 1290 1106 1366 potuerit

86 1378 217 1443 caritati
263 1393 378 1437 memor
400 1376 497 1436 nostri
520 1393 585 1435 esse
609 1374 741 1456 dignare,
763 1372 883 1436 domine
906 1393 989 1454 papa.

568 1599 624 1666 VI.

148 1727 152 1732 ’
183 1721 354 1781 SIDONIUS
372 1722 518 1779 DOMINO
537 1721 656 1777 PAPAE
675 1721 816 1778 BASILIO
837 1723 1014 1781 SALUTEM.

149 1838 179 1900 1.
205 1837 281 1898 Sunt
302 1836 390 1897 nobis
416 1854 540 1897 munere
558 1836 612 1897 'dei
633 1854 708 1896 novo
737 1842 908 1898 nostrorum
932 1844 1101 1918 temporum
1115 1858 1141 1900 15

76 1926 226 2007 exemplo
241 1927 439 1987 amicitiarum
458 1932 558 1986 vetera
575 1927 650 2006 iura,
674 1925 784 2005 diuque
804 1932 858 2006 est,
877 1927 956 2006 quod
976 1929 1104 1988 invicem

76 2016 240 2097 diligimus
270 2033 307 2076 ex
334 2032 437 2094 aequo.
482 2031 573 2094 porro
599 2021 712 2094 autem,
745 2014 823 2093 quod
851 2014 887 2076 ad
916 2034 1104 2078 communem

76 2106 302 2169 conscientiam
324 2105 464 2184 pertinet,
486 2109 520 2163 tu
541 2110 686 2183 patronus
710 2096 903 2186 (quamquam
926 2105 982 2166 hoc
1005 2109 1104 2185 ipsum

76 2195 324 2274 praesumptiose
338 2193 443 2272 loquar
460 2199 706 2271 arroganterque:
728 2210 855 2271 namque
875 2195 1018 2273 iniquitas
1037 2213 1102 2256 mea

76 2292 167 2348 tanta
189 2290 246 2363 est,
267 2288 302 2342 ut
324 2280 438 2342 mederi
457 2281 493 2341 de
511 2280 649 2360 lapsuum
667 2283 732 2341 eius
751 2281 923 2342 assiduitate
941 2285 991 2342 vix
1010 2285 1100 2344 etiam
1114 2304 1142 2345 ao

77 2379 151 2437 tuae
177 2370 403 2450 supplicationis
430 2370 561 2431 efficacia
588 2363 700 2453 (preat).
746 2368 775 2431 2.
799 2371 903 2451 igitur,
932 2373 1001 2451 quia
1028 2372 1102 2432 mihi

80 2481 113 2525 es
138 2471 204 2523 tam
227 2461 393 2540 patrocinio
417 2477 504 2538 quam
528 2459 685 2520 dilectione
705 2458 753 2520 his
772 2459 918 2539 dominuS,
941 2462 1054 2540 pariter
1073 2466 1103 2520 et

84 2550 167 2631 quod
190 2545 316 2610 memini
337 2547 439 2629 probe,
463 2566 521 2627 quo
544 2548 655 2628 polleas
674 2550 742 2626 igne
762 2565 912 2629 sensuum,
935 2549 1016 2609 fonte
1035 2567 1101 2609 ver-

83 2636 204 2719 borum,
228 2639 280 2717 qui
297 2637 423 2697 viderim
441 2636 652 2717 Modaharium,
673 2639 767 2697 civem
787 2635 924 2718 Gothum,
941 2636 1101 2698 haereseos

89 2728 228 2788 lmanae
251 2725 347 2787 iacula
374 2725 539 2786 vibrantem
563 2744 620 2805 quo
648 2732 682 2786 tu
710 2724 888 2806 spiritalium
915 2728 1101 2788 testimonio·
1115 2748 1141 2790 ss

92 2833 156 2876 rum
172 2832 315 2877 mucrone
334 2815 511 2896 confoderis,
534 2822 649 2888 servata
668 2823 836 2876 ceterorum
853 2821 915 2875 tam
933 2818 1101 2878 reverentia

100 2921 176 2981 quam
206 2922 279 2984 paee
310 2905 484 2984 pontificum
515 2922 576 2965 non
607 2905 717 2965 iniuria
748 2902 804 2963 tibi
832 2903 940 2984 defleo,
974 2905 1101 2984 qualiter
1135 2938 1137 2943 ·

87 2991 304 3054 ecclesiasticas
327 2992 425 3054 caulas
448 2994 535 3053 istius
559 2996 663 3054 aetatis
686 2991 783 3072 lupuS,
807 2993 857 3071 qui
879 2996 1011 3072 peccatis
1033 3014 1100 3074 per·

109 3082 221 3143 euntium
249 3083 401 3160 saginatur
427 3084 605 3162 animarum,
632 3080 816 3142 clandestino
836 3098 946 3143 ,morsu
973 3085 1100 3145 necdum

165 3238 223 3291 tot
243 3237 302 3292 scol.
327 3237 568 3292 Wilomowe‘taa'om
590 3242 697 3291 secutos
719 3235 897 3304 Metjohaoo
923 3237 933 3303 ll
961 3240 995 3288 14
1014 3241 1099 3290 totam

116 3312 144 3366 il·
157 3302 196 3359 VI
211 3325 259 3363 om.
279 3307 346 3361 LN
351 3307 437 3361 VTP
464 3311 468 3377 Ι
497 3309 532 3375 of.
557 3309 595 3362 od
616 3304 688 3362 hooc
710 3309 786 3376 epist.
812 3306 892 3377 (ἔτερ,
914 3306 980 3361 Two.
998 3307 1024 3360 lo.
1047 3305 1098 3360 Fr.

117 3366 187 3435 Hoid
198 3381 207 3447 p
219 3385 251 3433 19
269 3379 489 3447 arroganterque
507 3378 607 3446 loquar
626 3377 683 3432 oF
694 3381 704 3447 ΙΙ
718 3381 752 3431 25
772 3376 886 3430 emanas
905 3379 1035 3456 hereseos
1053 3375 1104 3497 Ossl

117 3439 142 3489 ²6
154 3444 203 3500 tom
219 3453 373 3506 ceterorum
393 3449 439 3519 On
458 3455 492 3504 28
512 3447 615 3503 aetatis
634 3466 704 3506 corr.
724 3467 759 3507 eoo
777 3447 855 3505 aeris
874 3449 935 3517 Ml,
950 3446 1071 3502 censo
1111 3486 1121 3510 ,

117 3501 234 3575 htoreseos
257 3523 443 3591 Wlamoaoa'tz,
459 3522 527 3590 sort.
546 3524 643 3598 reclei

917 3610 978 3668 ill*
