2392 3854
132 173 298 230 amonius
316 171 461 232 nonnuo
480 175 600 231 aaran
618 142 1000 233 Panucmro'snnunun.
1038 178 1101 242 211

87 323 236 406 expediat,
254 342 292 385 ne
312 323 477 386 salebrosas
495 343 583 405 passa
601 327 755 386 iuncturas
773 344 828 405 per
847 344 995 386 cameram
1013 326 1104 406 palati

86 410 217 474 volutata
239 412 396 495 balbutiat3
424 421 486 475 tota
518 414 646 494 denique
678 413 790 493 liquida
822 432 946 493 prorsus
975 423 1004 475 et
1032 416 1103 475 duc·
1154 450 1160 464 ·

88 497 167 582 tilis,
193 501 285 563 veluti
312 521 381 563 cum
408 502 591 582 crystallinas
622 510 737 564 crustas
762 510 812 564 aut
835 503 1020 582 onychitinas
1042 522 1102 564 non

89 585 216 668 impacto
249 590 360 670 digitus
392 608 491 671 ungue
513 591 699 672 perlabitur,
732 594 841 671 quippe
875 594 901 652 si
932 592 1004 652 nihil
1034 611 1102 653 eum

92 678 210 740 rimosis
251 679 387 740 obicibus
428 688 585 760 exceptum
625 688 714 742 tenax
755 681 885 741 sractura
926 689 1101 743 remoretur.
1129 702 1142 743 o

93 759 122 826 4.
146 767 214 846 qnid
237 765 345 848 plura?
372 787 433 830 non
456 777 544 830 extat.
554 769 590 830 ad
608 788 750 849 praesens
769 772 828 830 vivi
845 769 974 830 hominis
999 773 1101 852 oratio,

96 869 178 940 quam
208 859 316 936 peritia
347 860 398 918 tua
429 876 491 928 non
523 861 587 919 sine
619 857 719 919 labore
751 859 920 937 transgredi
952 867 1041 938 queat
1068 878 1101 920 ae

98 945 293 1023 supervadere.
330 947 409 1007 unde
434 954 464 1008 et
481 966 575 1027 prope
590 950 734 1027 suspicor,
748 946 867 1008 domine
881 966 965 1028 papa,
979 955 1102 1028 propter
1125 976 1128 982 ·

101 1029 239 1112 eloquium
269 1035 422 1096 exundans
450 1043 538 1114 atque
566 1035 715 1096 ineffabile
749 1029 849 1119 (venia
880 1039 921 1097 sit
948 1030 1042 1120 dicto)
1070 1044 1100 1098 te
1180 1036 1183 1040 ’

102 1123 251 1200 superbire.
303 1125 355 1184 sed
392 1123 463 1185 licet
494 1125 572 1185 bono
601 1124 713 1203 fulgeas
749 1134 783 1184 nt
820 1127 1019 1186 conscientiae
1057 1128 1100 1187 sic
1115 1147 1141 1187 ιο

102 1205 226 1272 dictionis
241 1213 488 1295 ordinatissimae,
502 1231 557 1274 nos
575 1213 631 1274 tibi
644 1221 743 1274 tamen
756 1213 880 1273 ininime
900 1231 1003 1273 sumus
1022 1216 1100 1276 relu-

104 1298 197 1382 gicndi,
220 1303 272 1380 qui
294 1300 371 1362 bene
394 1304 505 1381 scripta
523 1301 686 1383 laudamus,
705 1304 761 1362 etsi
779 1300 924 1363 laudanda
947 1320 1007 1362 non
1027 1306 1101 1363 scri·
1176 1318 1182 1332 ·

103 1380 193 1450 bimus.
216 1445 218 1448 .
239 1387 269 1452 5.
303 1392 443 1469 quocirca
467 1390 570 1452 desine
598 1385 806 1470 inposterum
829 1398 931 1451 nostra
951 1390 1100 1452 declinare

106 1473 209 1559 iudicia,
233 1496 308 1557 quae
331 1477 407 1539 nihil
429 1479 566 1560 mordax,
588 1479 664 1540 nihil
687 1498 804 1558 quoque
828 1481 980 1540 minantur
1002 1482 1099 1541 incre·

104 1569 240 1638 potorium.
273 1566 414 1648 alioquin,
434 1571 460 1629 si
470 1568 622 1648 distuleris
645 1576 778 1629 nostram
796 1568 984 1629 sterilitatem
998 1569 1098 1630 iacun·
1114 1589 1140 1630 15

105 1648 140 1712 dis
155 1655 312 1716 fecundare
334 1655 499 1739 colloquiis,
518 1656 732 1737 aucupabimur
751 1657 898 1728 nundinas
917 1657 1099 1719 involantum

105 1746 127 1797 et
143 1743 214 1805 ultro
245 1747 355 1805 scrinia
375 1752 432 1807 -tua
465 1746 670 1807 coniventibus
700 1745 787 1807 nobis
810 1765 844 1807 ac
868 1746 1099 1808 subornantibus

105 1827 275 1894 effractorum
304 1852 409 1895 manus
437 1842 540 1914 arguta
567 1835 758 1915 populabitur
787 1834 998 1915 inchoabisque
1027 1843 1098 1898 tunc

103 1913 193 1982 frustra
206 1925 320 1982 moveri
340 1922 482 2002 spoliatus
500 1924 589 2004 furto,
609 1927 635 1985 si
654 1943 733 1985 nunc
751 1932 872 2003 rogatus
891 1943 952 1997 non
969 1929 1098 1986 moveris

103 2004 189 2072 officio.
229 2029 345 2072 memor
367 2014 463 2073 nostri
487 2030 552 2072 esse
576 2012 713 2095 dignare,
737 2014 855 2075 domine
879 2033 962 2098 papa.
1112 2034 1138 2073 ao
1181 2053 1185 2061 -

490 2255 495 2264 ’
544 2255 633 2322 VIII.

157 2376 319 2434 sanemus
337 2376 483 2432 nomano
502 2375 622 2431 Panna
641 2376 825 2434 rainelmo
845 2377 1024 2435 sanonum.

156 2486 180 2550 1.
212 2490 395 2571 Quamquam
422 2488 510 2550 nohis
538 2500 611 2552 non?
626 2489 1095 2572 opinantibus,-'desiderantibus

103 2571 182 2638 lamen
202 2580 317 2642 litteras
341 2587 406 2641 tuas
431 2577 561 2641 reddidit
584 2580 704 2659 gerulus
729 2581 877 2661 antiquus,
901 2578 1026 2639 idoneus
1049 2581 1094 2638 in-

103 2670 200 2750 ventus,
228 2672 277 2730 cui
299 2671 365 2730 iure
389 2669 515 2748 repetita
539 2668 698 2730 credantur
722 2669 831 2749 officia,
855 2666 1094 2748 quandoquidem

102 2751 177 2822 rma
198 2761 241 2820 sic
265 2756 380 2818 detulit.
426 2760 518 2836 igitur
541 2758 630 2820 affatu
654 2758 784 2818 secundo
808 2757 854 2818 vel
881 2759 980 2837 potius
1003 2755 1093 2817 benc·
1109 2775 1134 2816 ao

103 2832 209 2908 dictione
232 2847 359 2908 donatus
382 2849 447 2925 ipse
467 2864 586 2926 quoque
604 2846 736 2927 rependo
756 2846 881 2907 alterum
901 2846 988 2926 salve,
1008 2844 1093 2906 obse-

103 2928 155 3000 quia
174 2935 346 2997 combinans
368 2938 502 2996 numeris
525 2943 658 3016 aequata,
676 2954 736 2996 non
755 2938 879 2997 meritis,
913 2933 941 2996 2.
966 2941 996 2995 et
1014 2937 1093 3017 quia,

103 3008 197 3084 lomina
219 3044 304 3106 papa,
325 3023 413 3085 modo
436 3026 562 3086 vivimus
581 3020 733 3108 (animis)
751 3027 861 3086 iunctis
885 3024 1092 3106 abiunctisque

103 3108 250 3182 regionibus
284 3110 551 3194 conspectibusque
587 3117 705 3175 mutuis·
733 3114 792 3175 frui
822 3113 1000 3176 dissociatae
1034 3118 1092 3176 situ

102 3181 267 3263 habitationis
308 3202 492 3284 inhibemur,
533 3211 628 3284 orate,
664 3210 697 3264 ut
734 3201 856 3283 optabili
892 3203 1091 3283 religiosoque
1105 3221 1132 3262 ao

155 3391 365 3462 tonychitinas
388 3391 580 3460 Laetpbhann,
608 3390 806 3460 onychintinas
834 3393 876 3448 oel
904 3389 1092 3446 onichintinas

103 3451 159 3513 odd,
179 3462 188 3532 l
210 3469 243 3518 16
263 3462 463 3533 aucupabimus
485 3463 508 3519 0
532 3466 541 3532 ΙΙ
567 3467 601 3517 28
621 3462 723 3517 animis
743 3465 809 3520 add.
829 3464 1019 3532 Inaetlohaao,
1041 3479 1097 3516 om„

57 3544 69 3641 q.
103 3523 159 3585 odd,
171 3533 180 3602 l
192 3540 225 3590 29
244 3533 527 3605 conspectibusque
547 3536 610 3608 om.)
627 3534 657 3591 F
673 3538 686 3610 tl

904 3625 965 3682 aa*
