2392 3854
487 78 640 134 CARMEN
658 79 720 137 vn.

186 247 250 290 rem
273 236 405 289 veterem
427 247 482 307 per
505 230 611 289 damna
635 231 729 310 sequi,
752 231 934 308 portavimus
957 228 1093 290 umbram

187 320 314 399 imperii,
338 319 456 397 generis
479 320 612 378 contenti
635 318 713 378 lerre
736 321 845 378 vetusti

186 414 216 467 et
238 409 308 467 vitia
332 425 365 467 ac
389 405 506 467 solitam
529 409 633 467 vestiri
655 409 769 466 murice
793 414 912 485 gentem

187 513 268 556 more
292 498 385 574 magis
409 514 499 574 quam
521 498 586 556 iure
610 497 678 574 pati.
724 497 946 575 promptissima
969 514 1065 574 nuper

186 584 269 646 fulsit
291 584 436 666 condicio,
458 587 594 664 proprias
618 603 675 663 qua
699 583 791 645 Gallia
813 586 893 645 vires

148 681 162 730 5
188 681 331 754 exereret,
354 673 502 752 trepidam
525 672 596 733 dum
618 673 763 734 Maximus
787 680 911 753 occupat
934 673 1052 754 urbem3

189 761 290 822 orbem
314 768 359 822 sat
381 764 488 842 potuit,
511 764 538 822 si
560 769 589 822 te
613 762 673 823 sibi
695 769 756 824 tota
779 765 920 842 magistro

187 869 277 930 regna
299 851 498 911 reformasset.
545 853 612 930 quis
635 859 770 912 nostrum
793 852 911 931 Belgica
934 870 1013 932 rura,

188 938 257 1001 litus
280 939 459 1019 Aremorici,
482 939 599 1000 Geticas
623 942 690 1019 quis
712 943 839 1002 moverit
861 943 935 1020 iras,

189 1047 248 1089 non
269 1028 354 1089 latet:
376 1028 424 1089 his
447 1030 538 1089 tantis
561 1028 617 1090 tibi
640 1031 798 1108 cessimus,
821 1029 937 1109 inclite,
959 1028 1055 1090 bellis.

120 1120 171 1176 50
189 1136 265 1178 nnnc
288 1120 347 1178 iam
371 1136 485 1178 summa
503 1123 621 1198 vocant3
645 1116 735 1178 dubio
755 1117 809 1177 sub
829 1125 963 1197 tempore
987 1136 1111 1196 regnum

189 1225 247 1267 non
270 1208 348 1286 regit
370 1208 502 1285 ignavus.
547 1208 737 1285 postponitur
760 1205 889 1266 ambitus
913 1208 1023 1286 omnis,

189 1295 290 1357 ultima
308 1294 382 1356 'eum
405 1295 501 1355 claros
525 1302 684 1374 quaerunt:
707 1302 776 1373 post
798 1295 904 1355 damna
927 1294 1024 1355 Ticini

191 1402 223 1444 ao
244 1383 370 1445 Trebiae
393 1384 546 1463 trepidans
569 1385 686 1461 raptim.
700 1382 868 1462 respublica
890 1386 971 1443 venit

192 1473 226 1533 ad
247 1472 386 1554 Fabium3
410 1472 526 1533 Cannas
549 1471 683 1533 celebres
706 1472 837 1533 Varrone
861 1473 960 1550 fugato

105 1557 174 1621 555
192 1561 420 1642 Scipiadumque
444 1564 533 1623 etiarn
556 1568 724 1639 turgentem
748 1561 851 1622 funere
874 1562 1007 1622 Poenum

192 1650 291 1713 Livius
314 1649 427 1711 electus
450 1650 547 1729 fregit.
594 1652 740 1731 captivus,
762 1658 796 1711 ut
818 1653 914 1731 aiunt,

192 1739 271 1801 orbis
294 1742 325 1800 in
348 1739 423 1800 urbe
446 1741 535 1821 iacet3
562 1740 703 1818 princeps
726 1741 817 1821 perit,
841 1740 889 1800 hic
912 1746 1000 1819 caput
1024 1757 1110 1801 omne

192 1847 268 1890 nunc
290 1827 380 1888 hahet
403 1829 570 1908 imperium,
616 1829 759 1909 petimus,
783 1829 948 1890 conscende
971 1828 1111 1911 tribunal,

191 1920 269 1996 erige
294 1916 453 1998 collapsos3
476 1935 536 1977 non
559 1916 615 1976 hoc
638 1917 726 1978 modo
749 1925 883 1997 tempora
906 1925 1045 1999 poscunt,

100 1998 174 2066 580
190 2013 223 2066 ut
244 2006 368 2066 Romam
390 2005 459 2084 plus
482 2005 556 2067 alter
579 2014 665 2067 amet.
712 2025 767 2067 nec
790 2007 865 2067 lorte
889 2025 973 2067 reare

191 2101 219 2155 te
242 2113 335 2173 regno
358 2110 419 2155 non
442 2113 508 2155 esse
531 2113 648 2174 parem:
671 2114 738 2155 cum
757 2096 903 2156 Brennica
927 2097 1010 2174 signa

191 2183 349 2264 Tarpeium
372 2190 560 2264 premerent,
583 2186 656 2265 scio,
679 2192 743 2244 tum
766 2184 934 2263 respublica
957 2190 1058 2244 nostra

189 2279 249 2334 tota
273 2271 414 2333 Camillus
437 2280 514 2353 erat,
536 2275 649 2352 patriae
673 2275 725 2352 qui
747 2272 865 2334 debitus
889 2273 967 2334 ultor

191 2364 265 2422 texit
287 2362 436 2423 fumantes
459 2361 560 2421 hostili
584 2369 680 2441 strage
704 2361 824 2422 favillas.

109 2447 173 2510 Boo
190 2468 250 2511 non
272 2449 328 2511 tibi
352 2452 502 2511 centurias
526 2468 631 2510 aurum
654 2449 796 2529 populare
819 2452 946 2530 paravit,

191 2557 245 2600 nec
267 2539 356 2599 modo
380 2538 498 2599 venales
522 2557 740 2616 numerosoque
764 2557 830 2599 asse
853 2539 1024 2617 redemptae

191 2634 373 2689 concurrunt
396 2627 432 2688 ad
455 2636 565 2706 puncta
588 2627 698 2708 tribus3
723 2629 862 2706 sullragia
885 2627 988 2688 mundi

190 2715 288 2778 nullus
311 2719 391 2777 emit.
433 2734 546 2795 pauper
568 2715 690 2796 legeris3
715 2717 794 2795 quod
818 2717 928 2777 sufficit
950 2734 1057 2797 unum,

190 2823 222 2866 es
245 2807 361 2866 meritis
385 2805 475 2865 dives.
522 2807 634 2884 patriae
658 2823 712 2866 cur
735 2813 800 2865 vota
824 2806 967 2886 moraris,

122 2900 172 2954 oto
191 2913 265 2973 quae
289 2893 385 2975 iubet,
408 2901 441 2954 ut
464 2891 591 2954 iubeas?
626 2895 699 2954 haec
723 2902 769 2954 est
791 2896 938 2955 sententia
962 2895 1069 2955 cunctis

191 2985 217 3044 si
240 2983 378 3044 dominus
401 2983 451 3062 fis,
474 2982 551 3043 liber
574 2977 646 3043 ero'.
693 2983 791 3061 fragor
815 2984 889 3042 atria
912 2982 1041 3063 complet

189 3070 307 3153 Uierni,
331 3090 389 3150 quo
413 3072 488 3132 forte
511 3071 576 3132 loco
599 3074 649 3150 pia
672 3070 758 3132 turba
781 3078 901 3132 senatus

173 3228 225 3280 546
248 3223 345 3278 orbem
374 3225 420 3277 aab
446 3223 542 3293 potuit
567 3225 635 3295 Leo]
665 3223 761 3278 orbem
788 3241 841 3294 ego
870 3227 916 3279 aab
940 3222 1023 3296 potui

103 3289 198 3348 orbem
215 3294 302 3349 immo
340 3293 416 3349 oluit
435 3294 495 3349 ΤΕ
539 3295 563 3350 si
581 3298 610 3349 te
630 3294 686 3348 sibi
708 3296 771 3349 tota
791 3296 866 3367 ΤΡ]
887 3295 945 3350 vite
969 3295 1024 3349 sibi

106 3356 149 3430 M,
172 3366 242 3421 mihi
261 3313 380 3420 subdere
399 3368 483 3434 teque
529 3365 551 3434 b,
575 3384 625 3422 om.
643 3366 681 3422 0⁸
707 3367 717 3434 ll
744 3370 794 3420 551
814 3368 896 3436 reget
913 3366 951 3419 Μ
973 3368 983 3434 l
1010 3372 1035 3419 ot

105 3435 197 3509 cotya-
214 3438 262 3494 oed
271 3438 305 3505 ef.
315 3438 392 3494 Acir.
403 3454 485 3493 eorm.
496 3439 521 3507 I,
532 3440 586 3493 313
598 3454 651 3493 neo
664 3453 715 3493 ros
729 3436 803 3491 forte
811 3439 925 3507 premnt
935 3439 1029 3505 totu
