2392 3854
182 90 349 181 smonrus
366 123 510 180 uomno
530 123 649 211 eoem
668 122 765 177 euro
785 120 963 176 sanorum.
1013 120 1077 184 217

85 276 157 356 verit,
176 275 292 336 saeculo
310 273 497 354 praedicatus
516 281 577 355 tuo,
597 270 810 334 desiderandus
829 270 934 351 alieno,
953 277 1079 347 utraque

87 355 222 426 laudabilis
246 366 362 425 actione
386 363 511 424 decedas
534 370 563 423 te
587 361 747 423 relicturus
771 362 911 439 externis,
939 366 989 419 tua
1012 376 1079 438 pro·

86 451 167 514 xinis.
208 471 323 514 memor
346 453 442 513 nostri
465 469 530 512 esse
554 450 685 531 dignare,
709 450 829 510 domine·
850 462 957 528 papa·
1031 493 1033 499 .
1076 462 1079 469 ·

551 696 590 760 X.

131 816 289 874 SIDONIUS
307 816 452 891 Domino
472 817 590 872 PAPAE
608 814 829 890 APRUNCULQ
849 780 1027 899 sutorum

143 928 166 992 1.
187 930 328 1006 Reddidit
345 931 401 991 tihi
420 929 562 1010 epistulas
581 948 670 1010 meas
690 947 777 1008 quem
797 929 870 989 mihi
888 935 955 989 tuas
974 930 1081 989 offerre
1108 946 1122 986 s

88 1028 131 1090 par
157 1021 264 1103 iuerat3
300 1038 370 1081 nam
401 1020 493 1080 frater
525 1027 627 1080 noster
660 1017 824 1079 Caelestius
855 1036 952 1097 nuper
983 1018 1019 1077 ad
1051 1025 1080 1078 te

90 1118 207 1171 resersus
226 1109 262 1170 de
280 1109 446 1170 Biterrensi
465 1108 613 1188 quoddam
631 1108 705 1167 mihi
728 1125 819 1185 super
841 1113 920 1166 statu
942 1106 1082 1167 Iniuriosi

91 1200 167 1258 nostri
184 1197 348 1260 'vinculum
380 1199 524 1258 cessionis
557 1196 667 1257 elicuit.
714 1195 792 1274 quod
826 1194 947 1273 quidem
975 1198 1082 1274 scripsi

90 1296 136 1344 non
162 1289 259 1349 minus
275 1295 337 1348 .tua
367 1286 544 1365 verecundia
568 1286 679 1346 fractus
692 1302 791 1363 ¹quam
815 1283 977 1364 voluntate,
1000 1302 1081 1344 nam·

92 1386 134 1447 que
149 1394 199 1438 nos
217 1375 297 1438 ultro
316 1384 415 1437 vestro
430 1374 538 1454 pudori
557 1376 643 1454 quasi
662 1372 839 1453 quibusdam
857 1371 983 1452 pedihus
997 1373 1082 1433 obse·
1098 1392 1123 1430 ιο

92 1463 139 1536 quii
165 1466 264 1527 decuit
297 1483 464 1535 occurrere.
511 1463 540 1525 2.
574 1455 713 1542 quocIrca
744 1481 792 1523 me
821 1480 938 1541 quoque
967 1460 1081 1522 volente

93 1553 189 1623 posside
211 1553 374 1635 indultum,
397 1553 450 1615 sed
473 1551 636 1613 liberaliter
660 1544 734 1634 (nec
761 1552 854 1631 enim,
881 1557 914 1610 ut
939 1553 1083 1631 suspicor,

93 1635 144 1711 plus
163 1642 272 1722 aliquid
295 1643 352 1703 hoc
375 1660 484 1722 genere
515 1641 618 1702 solacii
641 1639 687 1701 vei
714 1642 778 1719 ipse
803 1634 971 1723 quaesisti),
995 1657 1082 1718 quem

92 1720 178 1792 litteris
206 1734 273 1792 istis
305 1750 365 1792 non
393 1731 653 1792 commendatoriis
681 1731 781 1790 minus
809 1748 898 1808 quam
926 1729 1081 1789 refusoriis

93 1812 135 1877 iam
161 1821 292 1900 placatus
323 1821 460 1900 insinuo,
493 1822 536 1880 sic
568 1826 681 1898 tamen,
712 1825 746 1878 ut
775 1817 830 1879 tibi
863 1812 995 1898 assistat,
1027 1817 1082 1879 tibi
1097 1837 1123 1877 15

92 1916 184 1991 pareat,
225 1917 267 1970 te·
283 1916 438 1989 ¹sequatur
475 1916 561 1987 atque
603 1914 649 1987 ut,
688 1910 714 1967 si
745 1910 944 1986 permanserit
975 1915 1082 1987 tecum,
1153 1948 1156 1954 -

92 2000 169 2058 neutri
202 2005 340 2077 nostrum
372 1998 521 2059 iudicetur
557 1991 697 2077 famulus,
730 1999 756 2056 si
793 1997 869 2057 sorte
902 1996 1082 2076 discesserit,

93 2095 227 2156 quaeratur
251 2089 370 2166 utrique
394 2087 543 2165 fugitirus.
590 2103 705 2145 memor
733 2089 829 2146 nostri
857 2104 923 2146 esse
952 2085 1082 2166 dignare,

94 2166 191 2237 domine
212 2194 296 2256 papa.

519 2430 523 2438 ,
547 2365 602 2430 XI.

185 2487 353 2544 SIDONIUS
371 2444 522 2543 DOMINO.
536 2486 655 2540 PAPAE
674 2485 770 2541 LUPO
790 2483 968 2541 SALUTEM.
1097 2503 1124 2541 ao

143 2597 167 2662 1.
197 2602 323 2682 Propter
352 2600 498 2682 libellum,
527 2619 615 2681 quem
648 2618 707 2660 non
737 2599 773 2659 ad
801 2617 852 2658 vos
876 2598 970 2675 magis
995 2614 1082 2674 quam
1183 2593 1185 2597 ’

93 2695 133 2756 Pir
155 2709 204 2752 vos
231 2694 356 2752 missum
383 2694 523 2771 putastis,
552 2689 709 2770 epistulam
736 2695 865 2748 vestram
893 2704 952 2747 nou
976 2685 1011 2745 ad
1035 2703 1082 2745 me

94 2779 166 2854 matis
179 2799 267 2860 quam
285 2782 317 2841 in
336 2798 383 2840 me
403 2772 544 2859 scriptam
563 2781 672 2858 recepi.
710 2778 746 2838 ad
770 2775 946 2856 exprobrata
960 2792 1082 2853 rospon-

94 2855 134 2921 deo
152 2887 203 2947 pro
226 2872 373 2948 qequitate
402 2860 520 2950 causae,
549 2887 608 2928 non
638 2885 692 2946 pro
720 2865 896 2946 aequalitate
920 2863 1081 2925 facundiae.

95 2960 248 3037 umquam
273 2960 341 3037 quis
364 2976 443 3018 nunc
467 2976 521 3036 ego
545 2964 596 3018 aut
615 2963 751 3035 quantus,
776 2958 827 3034 qui
850 2972 937 3033 agere
960 2972 1082 3033 praesu·
1097 2971 1124 3012 as

95 3048 154 3104 ”lim
184 3047 268 3107 vobis
300 3046 514 3125 imputantibus
544 3042 755 3106 innocentem?
801 3046 941 3123 quocirca
976 3043 1084 3105 delicto

95 3117 155 3214 huic,
175 3136 476 3215 quantulumcumque
500 3143 554 3215 est,
577 3137 656 3194 inter
674 3136 820 3214 principia
840 3133 997 3193 confestim
1017 3151 1084 3212 sup·
1154 3186 1158 3194 .

96 3210 156 3286 plico
176 3225 299 3306 ignosci,
323 3224 504 3285 diffidentiae
527 3231 651 3303 tantum,
670 3241 729 3283 non
754 3231 784 3283 et
807 3221 964 3302 superbiae
988 3222 1084 3282 fassus

100 3467 105 3478 ‚
150 3413 303 3469 creddidit
317 3403 416 3484 'culum
438 3412 549 3467 reddidi
572 3413 648 3468 codd.
674 3416 678 3478 1
702 3419 763 3481 post
781 3428 857 3466 meas
876 3413 925 3483 lep.
944 3409 997 3464 tibi
1021 3408 1084 3464 dico

95 3483 119 3524 *ἢ
132 3478 173 3554 Pi
185 3491 218 3542 at
236 3485 493 3555 quantulocumque
508 3485 539 3538 F
553 3490 558 3556 Ι
575 3486 619 3538 est
636 3501 657 3540 s.
677 3485 695 3540 I.
714 3485 780 3541 uuo.
797 3484 831 3538 ΡΙ
845 3486 907 3554 S‘IS
925 3484 957 3536 et
968 3481 1100 3545 nonUS
