2392 3854
484 184 637 240 CARMEN
655 184 689 241 Π.
1028 186 1095 252 245

167 336 290 396 mittunt
311 333 460 414 Euganeis
483 334 622 395 Patavina
645 333 794 396 volumina
818 335 943 416 chartis3

101 435 149 485 100
168 441 227 503 qua
250 422 373 503 Crispus
396 422 541 484 brevitate
564 423 669 504 placet,
693 443 751 504 quo
774 424 907 504 pondere
930 424 1032 508 Varro,

168 529 227 592 quo
250 515 339 593 genio
362 511 493 592 Plautus,
518 530 575 590 quo
599 511 722 574 fulmine
746 512 957 595 Quintilianus,

168 619 225 681 qua
248 620 357 681 pompa
378 602 500 667 Tacitus
526 620 690 680 numquam
717 605 781 664 sine
807 601 894 664 laude
917 602 1093 682 loquendus,

211 689 265 751 His
288 691 367 751 hunc
390 690 550 750 formatum
574 690 690 772 studiis,
713 690 861 753 natalibus
885 700 991 773 ortum,

166 778 301 840 moribus
325 777 473 840 imbutum
496 781 645 860 princeps,
669 782 717 840 cui
740 781 870 842 mundus
893 780 929 842 ab
953 781 1032 843 Euro

103 880 148 928 195
168 868 205 928 ad
228 867 395 948 Zephyrum
419 875 491 928 tunc
515 875 632 947 sceptra
655 868 751 950 dabat,
775 872 823 931 cui
846 870 958 931 nubilis
982 878 1069 950 atque

167 959 255 1018 unica
278 974 447 1037 purpureos
471 956 597 1017 debehat
620 964 688 1018 nata
711 966 845 1039 nepotes,

167 1045 258 1125 elegit
280 1063 438 1128 generum3
463 1046 515 1106 sed
538 1063 599 1106 000
620 1053 654 1106 ut
677 1045 780 1107 deside
804 1047 876 1108 luxu

167 1134 287 1196 fortuna
310 1137 408 1196 soceri
432 1141 589 1195 contentus
613 1141 643 1195 et
666 1138 726 1195 otia
750 1143 871 1215 captans

166 1222 209 1283 nil
233 1222 291 1284 sihi
315 1222 450 1304 deberet3
475 1225 592 1284 comitis
617 1225 669 1284 sed
693 1226 758 1285 iure
782 1232 902 1304 recepto

104 1323 151 1374 000
169 1311 296 1373 Danuvii
318 1315 399 1391 ripas
423 1319 453 1372 et
475 1319 603 1373 tractum
625 1311 728 1373 limitis
752 1312 841 1392 ampli

171 1403 287 1482 circuit,
310 1401 455 1482 hortatur,
479 1401 618 1483 disponit,
641 1401 772 1484 discutit,
797 1409 897 1462 armat.

170 1492 213 1550 sic
237 1489 292 1551 sub
316 1497 401 1569 patre
424 1489 495 1550 Pius
518 1490 688 1552 moderatus
713 1499 809 1552 castra
833 1493 974 1570 parentis,

169 1580 212 1640 sic
232 1578 352 1639 Marcus
374 1581 491 1639 vivente
514 1579 576 1659 Pio,
598 1588 667 1658 post
690 1582 755 1640 iura
778 1580 885 1660 daturi,

168 1666 436 1729 innumerabilibus
459 1667 628 1746 legionibus
651 1668 870 1748 imperitabant.

101 1766 150 1817 000
169 1756 239 1817 hinc
262 1756 368 1817 reduci
391 1756 477 1818 datur
500 1758 597 1816 omnis
620 1757 728 1839 honos,
756 1765 787 1818 et
808 1761 929 1837 utrique
952 1762 1094 1839 magister

166 1845 290 1906 militiae
314 1845 477 1925 consulque
500 1848 599 1926 micat,
623 1848 780 1907 coniuncta
802 1855 934 1926 potestas

167 1935 295 2015 patricii,
319 1933 469 2013 celerique
493 1935 587 2013 gradu
609 1937 723 2013 privata
747 1940 881 1997 cucurrit

167 2023 295 2083 culmina
319 2023 549 2102 conscenditque
574 2041 680 2084 senum
702 2043 778 2104 puer
802 2027 865 2104 ipse
889 2026 1033 2109 curulem,

168 2112 245 2172 sedit
269 2118 299 2172 et
322 2113 446 2172 emerito
470 2114 586 2172 iuvenis
609 2119 768 2174 veteranus
791 2117 823 2174 in
846 2133 927 2176 auro.

102 2210 151 2261 010
212 2201 334 2279 lamque
357 2219 465 2279 parens
489 2200 585 2261 divos:
609 2201 662 2261 sed
685 2202 769 2262 vobis
792 2202 872 2263 nulla
896 2203 1003 2281 cupido

169 2290 304 2371 imperii3
327 2288 445 2368 longam
468 2288 632 2350 diademata
655 2294 741 2368 pas'sa
764 2292 913 2370 repulsam

168 2380 316 2458 insignem
338 2377 438 2457 legere
461 2380 567 2459 virum,
591 2397 679 2458 quem
703 2380 808 2441 deinde
833 2380 981 2457 legentem

167 2484 308 2546 spernere
332 2484 393 2526 non
415 2484 533 2544 posses:
558 2466 613 2526 soli
636 2466 691 2528 tihi
714 2468 839 2529 contulit
861 2471 914 2530 uni

166 2554 221 2616 hoc
244 2554 376 2615 Fortuna
400 2554 500 2636 decus,
524 2574 701 2636 quamquam
725 2564 754 2616 te
777 2566 915 2636 posceret
938 2558 1019 2640 ordo,

101 2653 148 2704 010
167 2652 200 2705 01
221 2644 318 2704 lectus
340 2647 481 2723 princeps
504 2662 589 2723 mage
613 2663 701 2724 quam
723 2645 841 2706 videare
866 2646 996 2707 relictus

165 2740 232 2813 post
255 2751 393 2794 socerum
415 2732 581 2812 Augustum
603 2752 718 2815 regnas,
742 2734 794 2794 sed
818 2752 878 2795 000
901 2734 957 2795 tihi
978 2739 1060 2797 venit

164 2840 297 2902 purpura
320 2840 375 2901 per
396 2821 540 2883 thalamos
564 2830 594 2883 et
617 2825 745 2883 coniunx
768 2827 850 2903 regia
873 2842 964 2902 regno

166 2909 230 2972 laus
254 2912 354 2990 potius
378 2929 466 2990 quam
490 2930 578 2972 causa
601 2912 670 2994 luit3
693 2931 761 2972 nam
785 2915 861 2973 iuris
883 2912 1007 2974 habenis

166 3017 226 3061 000
249 3017 394 3078 generum
415 2999 488 3078 legit
510 2999 687 3081 respublica,
711 3002 763 3061 sed
786 3020 971 3080 generosum.

101 3097 148 3150 000
166 3088 260 3168 fallor,
282 3087 330 3148 bis
353 3090 471 3167 gemino
494 3091 554 3150 nisi
577 3090 698 3150 cardine
722 3108 785 3150 rem
808 3090 914 3170 probat
937 3092 1031 3155 orbis:

166 3177 257 3238 ambit
281 3184 310 3237 te
334 3177 486 3257 Zephyrus
510 3185 666 3261 rectorem,
689 3178 818 3241 destinat
840 3179 947 3262 Eurus,

149 3405 198 3454 101
217 3399 333 3456 flumine
357 3403 383 3457 Τ
407 3406 416 3472 l
444 3408 496 3456 005
514 3404 603 3459 honos
627 3405 666 3459 ad.
689 3402 974 3476 0009.0100110000.,
1001 3404 1090 3459 honor

86 3471 316 3544 0001000000
334 3474 383 3543 Pl
396 3479 449 3528 210
467 3492 506 3529 00
524 3474 619 3529 sidus?
637 3476 671 3543 cf.
686 3476 765 3543 iufra
783 3495 806 3533 0.
822 3481 879 3534 482
900 3476 977 3530 sidus
996 3474 1089 3531 divale

87 3542 200 3606 poenus
213 3547 223 3614 l
238 3550 287 3599 211
307 3544 432 3619 imperii]
449 3545 590 3618 regnandi
610 3547 659 3621 Tll
