2414 3864
276 148 444 206 SIDONIUS
463 149 648 206 TRYGETIO
667 150 736 207 SUO
755 151 933 208 SALUTEM.
1047 153 1112 221 195

96 297 285 379 temporibus
307 298 442 360 hibernis
465 302 580 360 viarum
602 307 632 360 tc
655 299 744 361 dubia
768 302 953 381 suspendunt
976 310 1019 383 et,
1043 307 1111 383 quia

97 387 173 450 solet
196 387 368 466 Bigerricus
391 388 479 449 turbo
507 388 662 449 mobilium
690 408 831 468 aggerum
853 391 963 452 indicia
987 393 1059 452 conf
1097 427 1110 437 -

95 477 176 558 dere,
200 476 348 556 quoddam
370 479 484 538 vereris
507 479 538 538 in
561 479 668 538 itinere
691 485 813 539 terreno
831 479 977 559 pedestre.
993 481 1110 542 naufra-

94 561 200 646 gium?
246 562 275 626 2.
297 565 363 646 ubi,
391 584 583 648 quaesumus,
611 569 709 628 animo
732 575 793 628 tam
817 566 954 629 celeriter
982 573 1110 632 excessit

95 656 230 734 vestigiis
253 656 313 716 tuis
336 673 432 734 nuper
456 654 575 716 subacta
604 653 725 737 Calpis?
770 655 822 717 ubi
844 658 902 717 fixa
926 660 1054 719 tentoria
1077 661 1109 719 in
1135 677 1148 718 a

94 744 229 805 occiduis
252 742 362 805 linibus
381 741 613 805 Gaditanorum?
648 744 701 806 ubi
719 745 768 805 ille
787 746 926 826 Trygetio
945 765 1011 808 meo
1030 747 1110 808 idem

93 835 145 912 qui
166 831 291 893 Herculi
314 833 462 912 quondam
480 835 627 894 terminus
645 832 879 913 peregrinandi?
919 842 1073 898 tantumne
1093 856 1109 898 a

92 924 214 1001 teipso
238 923 302 1000 ipse
325 928 359 982 tu
381 921 547 1003 discrepas,
573 929 606 983 ut
633 930 713 984 totus
741 925 773 984 in
796 923 927 985 desidiae
950 927 1016 986 iura
1039 943 1108 986 oon-

92 1013 236 1090 cesseris,
269 1029 327 1090 quo
356 1018 532 1090 peragrante
566 1019 679 1072 secreta
715 1015 871 1090 regionum
907 1013 1108 1076 fabulosarum

90 1102 176 1180 prius
201 1099 296 1160 defuit
313 1103 390 1161 actio
408 1099 519 1161 laboris
538 1119 625 1179 quam
645 1101 824 1180 fatigationis
844 1099 992 1163 intentio?
1029 1101 1058 1164 3.
1078 1111 1148 1164 et1o

89 1196 159 1268 post
185 1188 260 1250 haec
286 1197 405 1268 portum
433 1188 586 1268 Alingonis
615 1197 675 1250 tam
697 1191 783 1269 piger
805 1190 915 1273 calcas,
945 1210 978 1251 ao
1003 1195 1029 1252 si
1051 1192 1107 1253 tibi

89 1296 171 1339 nunc
195 1285 276 1338 esset
299 1277 335 1338 ad
358 1276 484 1339 limitem
507 1277 692 1339 Danuvinum
715 1286 818 1340 contra
841 1281 1012 1340 incursaces
1030 1279 1105 1341 llas-

91 1374 208 1446 sagetas
231 1367 489 1448 proficiscendum,
508 1366 555 1427 vel
574 1368 600 1426 si
617 1384 697 1428 nunc
717 1370 806 1428 ctiam
824 1375 891 1428 tuae
914 1370 983 1428 navi
1001 1375 1104 1447 stagna

89 1455 230 1516 Nilotidis
257 1473 351 1535 aquae
373 1473 428 1536 per
451 1455 606 1534 indigenas
629 1456 785 1517 formidata
808 1456 984 1518 crocodillos
1007 1464 1104 1518 trans-

88 1545 280 1606 fretarentur.
325 1552 357 1606 et
390 1562 458 1605 cum
487 1563 543 1606 nec
573 1545 730 1606 duodecim
762 1545 877 1606 milium
910 1545 1027 1607 obiectu
1061 1549 1104 1608 sic
1120 1566 1146 1608 u

89 1633 262 1715 retarderis,
285 1633 370 1715 quid,
392 1641 544 1715 putamus,
567 1652 636 1694 cum
659 1636 792 1695 exercitu
814 1633 906 1695 Marci
929 1634 1049 1696 Catonis
1072 1638 1104 1697 in

88 1721 244 1803 Leptitana
272 1721 359 1802 Syrte
387 1719 532 1784 fecisses?
577 1722 607 1784 4.
636 1723 689 1784 sed
718 1723 880 1801 quamlibet
908 1723 969 1784 sola
991 1723 1103 1785 hiema-

88 1809 159 1873 lIum
190 1829 349 1873 mensuum
377 1813 498 1873 nomina
529 1818 653 1892 tremaS,
683 1818 742 1873 tarn
776 1810 906 1873 clemens
939 1821 984 1873 cst
1011 1813 1103 1875 facies

90 1901 170 1981 caeli,
189 1907 251 1962 tam
268 1899 377 1982 tepida,
395 1908 455 1961 tam
475 1900 547 1962 suda
567 1908 597 1962 et
616 1903 659 1961 sic
682 1919 769 1962 auras
784 1920 872 1981 mage
891 1921 980 1981 quam
998 1909 1103 1963 ventos

90 1987 189 2071 habet,
218 1997 252 2050 ut
281 1996 311 2050 te
341 2007 401 2050 non
431 1989 525 2051 valeat
555 1992 672 2050 enixius
702 1992 832 2051 retinere
865 1999 983 2070 tempus
1014 2010 1102 2071 quam
1117 2012 1144 2054 ao

91 2079 212 2140 inritare
237 2080 405 2157 temperies.
447 2079 500 2139 scd
524 2081 550 2139 si
573 2064 730 2158 epistulam
754 2083 872 2159 spernis
895 2084 1103 2162 evocatoriam,

94 2169 186 2249 credo,
209 2167 256 2228 vel
278 2167 415 2228 versibus
438 2185 498 2228 non
517 2166 726 2249 reluctaberis,
749 2168 962 2248 impulsoribus
985 2167 1102 2229 blandis

94 2264 117 2316 et
138 2256 284 2318 desiderii
306 2259 376 2336 mei,
399 2264 542 2336 quantum
565 2259 710 2338 suspicor,
729 2260 860 2318 strenuis
884 2256 1102 2337 executoribus,

93 2359 214 2421 quorum
232 2347 264 2406 in
283 2353 312 2405 tc
332 2352 428 2406 castra
441 2354 509 2425 post
527 2344 651 2407 biduum
669 2346 941 2407 commovebuntur.
982 2341 1012 2406 5.
1032 2363 1101 2406 ecce

92 2427 229 2495 Leontius
247 2452 343 2515 meus,
361 2433 446 2494 facile
460 2436 576 2513 primus
594 2434 818 2516 Aquitanorum,
834 2453 902 2495 ecce
917 2436 976 2494 iam
994 2452 1099 2514 parum
1115 2451 1140 2493 aa

88 2519 211 2584 interior
232 2531 357 2603 parente
380 2522 521 2584 Paulinus
549 2524 585 2583 ad
612 2522 711 2585 locum
735 2542 824 2603 quem
848 2541 937 2602 supra
961 2522 1023 2582 dixi
1045 2541 1099 2601 per

87 2604 241 2673 Garunnae
276 2612 387 2673 fluenta
417 2612 573 2673 refluentia
604 2630 664 2673 non
696 2613 783 2673 modo
815 2612 871 2672 tibi
903 2629 971 2672 cum
1004 2610 1098 2672 classe

83 2710 188 2761 verum
220 2702 310 2762 ctiam
346 2719 414 2761 cum
445 2700 568 2762 flumine
603 2709 770 2763 occurrent.
815 2701 865 2761 hic
894 2709 960 2761 tuas
994 2700 1097 2760 laudes

77 2789 251 2851 modificato
275 2789 436 2851 celeumate
461 2789 549 2850 simul
570 2792 650 2851 inter
671 2798 801 2851 transtra
824 2792 966 2871 remiges,
990 2788 1097 2868 guber-

77 2885 203 2940 natores
225 2881 304 2940 inter
327 2878 469 2958 aplustria
493 2888 608 2940 canent.
653 2880 703 2940 hio
732 2887 762 2940 te
786 2879 957 2940 aedificatus
982 2876 1097 2965 culcitis
1112 2897 1138 2937 ar

76 3077 120 3140 (a
138 3097 199 3140 eurr.
218 3087 250 3140 iu
269 3100 302 3138 aa
321 3085 422 3154 M¹)M
426 3086 452 3138 T
476 3089 486 3151 tt
513 3084 622 3139 tsolet
644 3086 693 3156 leg.
714 3089 779 3154 poet
803 3083 972 3138 confundere
990 3087 1022 3138 iu
1043 3084 1067 3138 O
1090 3085 1099 3156 t

78 3149 102 3197 3
127 3154 299 3226 naufragium
316 3156 448 3225 pedestre
468 3156 512 3222 ot
528 3161 560 3209 13
578 3155 645 3209 navi
660 3157 687 3210 L
704 3163 729 3211 et
749 3159 828 3223 (corr.
848 3157 880 3208 iu
897 3172 984 3209 naves
998 3155 1099 3224 NON,

76 3231 170 3296 ¹3⁰⁴l0⁸
183 3229 223 3297 (es
237 3229 269 3282 iu
282 3244 337 3282 ras.
355 3227 454 3296 V¹M²)
465 3227 532 3282 VM
536 3227 559 3283 0
563 3228 589 3282 Τ
599 3231 608 3297 11
624 3233 657 3280 14
670 3226 921 3280 transfretarentur
935 3226 962 3280 L
976 3233 1001 3281 et
1016 3230 1096 3294 (corr.

79 3301 122 3340 m
138 3293 348 3352 transfretarent
367 3298 400 3352 N
403 3298 466 3368 ¹)N,
485 3298 701 3353 transfretarent
724 3298 792 3352 VM
798 3297 850 3353 GT
860 3299 870 3367 ΙΙ
885 3303 918 3352 17
938 3297 1000 3367 sed]
1021 3296 1055 3350 de
1071 3296 1098 3349 L

79 3352 93 3421 tl
116 3363 147 3416 18
162 3385 307 3424 mensuum
326 3370 523 3438 L,·mensium
542 3370 576 3424 N
583 3370 702 3425 VMCT
713 3372 723 3438 tl
737 3375 770 3422 21
790 3368 911 3422 invitare
930 3369 995 3436 LT,
1014 3366 1096 3420 mini·

83 3424 146 3486 tara
164 3440 231 3510 Mo,
255 3440 300 3494 val
319 3439 439 3495 invitare
458 3458 478 3497 s.
499 3443 515 3496 l.
535 3443 600 3496 cdd.
620 3441 677 3509 Mt
701 3439 820 3495 invitare
840 3456 924 3507 erue,
947 3438 992 3493 vel
1014 3436 1096 3491 mini-

85 3493 147 3557 tere
164 3527 184 3567 ε.
204 3513 220 3567 z.
240 3513 303 3567 auu.
323 3511 392 3581 rur

908 3600 965 3657 ib*
