2414 3864
434 140 586 196 chanun
606 143 638 198 V.
980 144 1046 208 263

116 297 146 351 et
169 309 245 370 quos
268 293 372 372 vincis,
396 299 481 352 amat.
527 299 607 352 totus
632 293 771 353 dormitat
794 294 830 354 ad
854 297 945 354 istum

116 398 240 458 magnus
263 380 436 462 Alexander,
459 383 552 460 patris
577 400 665 460 quem
688 380 782 460 gloria
805 385 900 444 torsit.

118 468 189 546 quid
212 469 318 530 faciam
341 467 465 529 infelix?
488 477 557 530 nato
582 488 656 549 quae
679 488 770 554 regna
793 471 903 550 parabo

117 557 236 618 exclusa
261 560 387 637 sceptris
411 557 533 640 Geticis,
557 558 726 639 respublica
750 563 777 620 si
799 579 846 621 me

66 656 99 706 ’ὅ
115 649 259 726 praeterit
283 655 312 707 et
334 665 442 726 parvus
467 667 557 727 super
580 648 636 708 hoc
660 647 842 710 Gaudentius
864 650 954 711 huius

116 735 247 796 calcatur
270 733 359 796 latis?
383 738 473 797 istum
497 739 556 797 iam
580 736 671 798 Gallia
694 737 794 799 laudat

118 824 255 902 quodque
278 843 333 904 per
356 824 504 905 Europam
523 833 576 886 est.
621 827 726 904 rigidis
745 827 824 888 hunc
843 827 937 888 abluit
954 828 1044 889 undis

115 912 250 994 Rhenus,
280 914 367 995 Arar,
398 913 572 996 Rhodanus,
604 915 698 996 Mosa,
725 915 870 998 Matrona,
899 916 1045 998 Sequana,

880 1004 989 1086 Ledus,

115 1090 209 1173 Clitis,
232 1090 339 1173 Elaris,
361 1092 443 1173 Atax,
466 1091 594 1173 Vacalis3
617 1091 806 1173 Ligerimque
830 1093 954 1174 bipenni

66 1186 97 1242 io
117 1181 250 1240 excisum
273 1199 328 1259 per
352 1181 445 1241 frusta
468 1180 551 1241 bibit,
598 1200 665 1241 cum
688 1181 764 1242 bella
787 1185 927 1243 timentes

115 1268 248 1329 defendit
270 1269 415 1350 Turonos,
438 1269 555 1351 aberas,
579 1279 647 1350 post
669 1277 802 1350 tempore
826 1289 917 1351 parvo

114 1359 270 1436 pugnastis
293 1359 414 1439 pariter,
436 1358 569 1419 Francus
593 1377 650 1437 qua
673 1358 756 1419 Cloio
779 1367 914 1438 patentes

118 1445 292 1506 Atrebatum
315 1454 411 1507 terras
433 1454 612 1527 pervaserat.
657 1448 706 1508 hic
730 1456 872 1509 coeuntes

116 1534 292 1595 claudebant
314 1543 438 1614 angusta
461 1539 523 1596 vias
547 1555 676 1615 arcuque
700 1537 856 1597 subactum

66 1636 95 1686 15
115 1627 213 1684 vicum
236 1622 378 1684 Helenam
400 1625 569 1704 flumenque
593 1625 682 1685 simul
706 1625 760 1686 suh
784 1628 902 1687 tramite
926 1626 1014 1706 longo

116 1721 199 1773 artus
223 1715 385 1793 suppositis
408 1713 542 1775 trabibus
565 1716 771 1775 transmiserat
794 1733 890 1794 agger.

115 1801 177 1863 illic
200 1809 230 1862 te
253 1804 351 1881 posito
374 1803 523 1882 pugnabat
544 1810 634 1882 ponto
659 1802 714 1863 sub
738 1806 804 1883 ipso

113 1890 294 1951 Maiorianus
318 1910 418 1970 eques.
464 1892 525 1951 lors
547 1893 630 1970 ripae
654 1891 729 1952 colle
752 1895 919 1973 propinquo

115 1978 289 2040 barbaricus
313 1980 470 2041 resonabat
492 1981 600 2060 hymen
624 1980 829 2061 Scythicisque
853 1983 970 2043 choreis

66 2082 96 2129 20
116 2067 247 2129 nubebat
270 2069 344 2129 tlavo
369 2069 474 2130 similis
498 2088 572 2130 nova
596 2078 688 2150 nupta
710 2074 825 2132 marito.

116 2157 171 2217 hos
195 2175 275 2238 ergo,
298 2166 332 2218 ut
354 2159 520 2239 perhibent,
544 2162 661 2241 stravit;
685 2160 849 2240 crepitabat
871 2160 907 2220 ad
930 2162 1008 2221 ictus

116 2248 210 2306 cassis
234 2253 263 2306 et
286 2250 432 2326 oppositis
455 2248 605 2309 hastarum
629 2248 752 2309 verbera
775 2249 880 2310 thorax

114 2334 234 2395 arcebat
257 2337 397 2418 squamis,
420 2335 515 2398 donec
538 2356 680 2398 conversa
703 2338 819 2416 fugatus

113 2424 208 2484 hostis
231 2431 314 2504 terga
338 2425 431 2506 dedit3
454 2425 595 2504 plaustris
619 2425 740 2486 rutilare
765 2426 881 2486 videres

66 2526 93 2574 ἑὸ
113 2512 264 2574 barbarici
286 2532 358 2592 vaga
381 2514 455 2575 festa
478 2517 537 2575 tori
561 2517 752 2594 coniectaque
776 2517 888 2593 passim

113 2601 226 2663 fercula
249 2605 438 2682 captivasque
462 2604 552 2682 dapes
576 2606 713 2682 cirroque
736 2603 873 2665 madente

113 2691 193 2752 t'erre
217 2699 372 2752 coronatos
396 2692 560 2753 redolentia
584 2699 662 2752 serta
685 2691 806 2753 lebetas.

113 2780 196 2840 ilicet
218 2782 360 2841 increscit
382 2780 497 2841 Mavors
520 2780 700 2861 thalamique
723 2782 861 2861 refringit

112 2868 182 2948 plus
205 2869 312 2930 ardens
335 2869 456 2930 Bellona
479 2871 572 2951 laces;
595 2873 673 2949 rapit
696 2871 800 2932 esseda
824 2873 918 2932 victor

66 2970 93 3020 to
113 2957 335 3037 nubentemque
358 2978 475 3019 nurum.
521 2978 581 3019 non
605 2962 648 3020 sic
671 2958 839 3020 Pholoetica
862 2967 995 3021 monstra

114 3053 202 3125 atque
225 3046 430 3108 Pelethronios
453 3047 592 3126 Lapithas
616 3048 780 3110 Semeleius
804 3048 886 3110 Euan

113 3137 242 3217 miscuit,
264 3134 442 3197 Haemonias
465 3137 535 3197 ditm
559 3137 710 3199 flammant
734 3141 815 3217 orgia
839 3147 949 3200 matres

93 3365 147 3414 toa
166 3361 254 3428 gnato
273 3362 311 3414 M
320 3365 330 3428 l
344 3365 396 3414 204
415 3378 432 3414 a
451 3361 570 3430 sceptris
588 3363 627 3415 M
635 3365 645 3429 l
663 3364 715 3414 205
734 3362 853 3430 proterit
873 3364 1039 3428 Guatascaon

66 3437 102 3486 09
122 3429 201 3485 olitis
219 3433 370 3487 Berneuaia
393 3439 419 3487 et
437 3433 587 3488 Parisinus
605 3436 708 3502 278211
729 3438 780 3486 210
798 3433 904 3487 frustra
923 3434 1042 3489 OPTF

68 3507 101 3556 12
120 3501 226 3556 francis
246 3503 300 3557 ΟΡ
308 3504 335 3572 Τ,
354 3503 439 3560 tracis
459 3504 512 3576 Fl
526 3509 579 3562 225
598 3502 729 3576 captiuos
745 3506 845 3560 uestes
861 3504 987 3570 nunt
