2414 3864
158 190 316 246 SIDONIUS
334 188 479 245 DOMINO
497 188 615 243 PAPAE
634 187 807 243 ΡΑΤΙΕΝΤΙ
826 187 1002 245 SALUTEM.
1041 188 1104 253 137

122 337 267 400 desinenter
284 356 387 418 regem
404 345 592 417 praesentem
609 338 734 417 prandia
751 344 812 419 tua,
833 340 967 416 reginam
985 338 1106 400 laudare

121 427 215 490 ieimia.
246 429 350 489 omitto
373 433 455 488 tanto
478 433 507 488 te
527 426 608 488 cultu
626 426 783 487 ecclesiam
800 426 857 486 tibi
875 427 1018 487 creditam
1037 446 1107 490 con·

123 525 262 598 venustare,
284 523 319 578 ut
341 515 457 578 dubitet
479 517 640 596 inspector,
662 515 807 576 meliusne
830 533 905 576 nova
924 533 1014 595 opera
1036 535 1106 577 eon-

62 582 73 703 Ι
123 613 219 683 sugant
241 624 278 666 an
300 612 417 666 vetusta
439 611 624 683 reparentur.
656 603 686 666 4.
711 606 815 664 omitto
837 622 892 683 per
914 611 943 664 te
966 604 1105 683 plurimis

62 706 73 717 ·
122 688 175 754 locis
193 694 380 756 basilicarum
398 693 588 754 fundamenta
607 711 796 773 consurgere,
819 700 991 754 ornamenta
1010 694 1105 774 dupli·
1132 710 1146 751 o

122 783 176 863 eui3
208 801 333 863 eumque
364 782 458 843 multa
488 785 519 843 in
553 790 631 843 statu
662 782 732 842 fidei
763 783 824 842 tuis
860 781 1105 862 dispositionibus
1180 779 1184 787 '

121 879 271 954 augeantur,
303 871 400 933 solum
430 871 649 932 haereticorum
680 889 839 932 numerum
870 873 981 952 minui,
1016 878 1105 950 teque

121 959 223 1031 pedam
240 968 348 1022 venatu
366 959 527 1040 apostolico
546 961 624 1020 feras
642 959 866 1020 Fotinianorum
883 967 1000 1021 mentes
1019 962 1106 1039 spiri-

62 1088 71 1159 ,
120 1042 200 1110 libum
216 1050 470 1129 praedicationum
489 1047 623 1109 cassibus
642 1048 803 1130 implicare,
827 1055 915 1127 atque
934 1068 951 1110 a
969 1056 1021 1110 tuo
1038 1048 1106 1110 bar-

62 1188 65 1201 ,
119 1126 187 1197 beros
203 1141 261 1199 iam
275 1156 426 1219 sequaces,
445 1140 582 1217 quotiens
602 1139 818 1198 convineuntur
830 1136 931 1218 verbo,
949 1157 1009 1199 non
1023 1141 1105 1199 exire
1121 1157 1147 1197 ro

62 1222 71 1303 l
120 1227 230 1308 vestigio,
253 1228 348 1288 donec
370 1245 422 1286 eos
445 1243 462 1286 a
483 1226 630 1305 profundo
650 1229 766 1306 gurgite
785 1228 896 1286 erroris
915 1227 1106 1288 felicissimus

62 1310 65 1391 ζ
120 1312 261 1377 animarum
284 1318 415 1395 piscator
437 1317 609 1376 extraxeris
651 1312 680 1377 5.
705 1315 864 1375 ethorum
887 1315 985 1394 aliqua
1006 1322 1107 1376 tamen

119 1411 170 1461 tum
188 1404 311 1484 reliquis
334 1405 459 1465 forsitan
482 1404 727 1465 communicanda
750 1403 884 1484 collegis,
911 1403 984 1465 illud
1008 1412 1107 1465 autem

118 1481 200 1553 deberi
218 1493 274 1554 tibi
293 1494 429 1574 quodam,
446 1498 480 1552 ut
497 1493 702 1554 iurisconsulti
719 1493 831 1574 dieunt,
849 1495 1003 1572 praecipui
1020 1493 1106 1554 titulo

62 1582 65 1603 ²
117 1586 160 1639 nec
181 1590 248 1644 tuus
275 1585 386 1662 poterit
411 1585 456 1642 ire
483 1583 581 1661 pudor
607 1583 730 1662 infitias,
756 1582 834 1661 quod
861 1589 929 1661 post
952 1581 1107 1643 Gothicam
1121 1598 1147 1639 rs

62 1670 66 1757 j
115 1657 363 1752 depopulationem,
385 1677 454 1750 post
476 1679 593 1750 segetes
615 1671 753 1731 incendio
772 1670 943 1750 absumptas
964 1670 1110 1750 peculiari

62 1764 65 1845 ξ
116 1764 217 1839 emptu
248 1763 366 1840 inopiae
398 1762 548 1821 communi
578 1777 633 1838 per
665 1759 810 1820 desolatas
842 1759 950 1820 Gallias
982 1762 1109 1838 gratuita

62 1876 66 1909 ·.
114 1837 243 1910 ftiernenta
266 1850 385 1931 misisti,
407 1866 475 1910 cum
499 1848 719 1910 tabescentibus
743 1850 819 1909 fame
841 1848 959 1928 populis
983 1851 1109 1910 nimium

113 1938 284 2019 contulisses,
306 1940 333 1999 si
351 1940 530 1998 commercio
553 1938 659 1998 fuisset
678 1940 792 2017 species
813 1939 879 2018 ista,
902 1957 962 1998 non
980 1939 1108 1998 muneri.

111 2023 224 2088 unimus
251 2034 390 2106 angustas
417 2029 477 2087 tuis
504 2026 639 2105 frugibus
669 2029 744 2106 vias,
772 2027 899 2086 vidimus
925 2045 980 2106 per
1007 2028 1108 2087 Araris
1122 2044 1149 2084 ao

110 2121 133 2174 et
151 2114 286 2177 Rhodani
308 2118 389 2195 ripas
411 2134 472 2176 non
495 2133 600 2195 unum,
624 2115 702 2193 quod
725 2132 803 2175 unus
826 2114 1015 2196 impleveras,
1038 2115 1107 2175 bor-

107 2214 189 2266 reum.
219 2203 248 2268 6.
268 2203 434 2265 fabularum
452 2203 558 2264 cedant
576 2205 716 2283 figmenta
734 2203 888 2282 gentilium
908 2211 937 2263 et
955 2203 1005 2264 ille
1023 2205 1108 2282 quasi

105 2289 130 2354 bn
156 2294 272 2355 caelum
298 2293 410 2354 relatus
439 2311 493 2372 pro
521 2300 640 2372 reperta
667 2295 816 2372 spinarum
838 2294 966 2352 novitate
991 2291 1107 2370 Tripto-

104 2375 206 2464 lemus,
239 2400 327 2462 quem
355 2380 478 2442 Graecia
510 2400 561 2442 sua
590 2384 796 2442 caementariis
826 2380 989 2460 pictoribus
1017 2381 1108 2457 signi-

101 2470 203 2534 icibus
231 2470 357 2531 illustris
384 2472 510 2531 sacravit
536 2470 654 2550 templis
682 2471 817 2530 formavit
840 2471 945 2528 statuis
969 2468 1109 2546 effigiavit
1122 2488 1149 2529 es
1197 2495 1200 2499 ⁴

100 2560 286 2640 imaginibus.
326 2557 411 2619 illum
433 2558 523 2619 dubia
545 2560 621 2619 fama
644 2561 801 2619 concinnat
823 2576 877 2636 per
899 2557 990 2617 rudes
1013 2557 1109 2618 adhue

98 2657 125 2711 et
151 2649 361 2726 Dodonigenas
392 2647 517 2727 populos
549 2647 663 2708 duabus
694 2665 800 2725 vagum
831 2645 968 2728 navibuS,
1000 2646 1109 2725 quibus

97 2746 201 2817 poetae
226 2738 367 2816 deinceps
390 2737 515 2796 formam
538 2736 699 2796 draconum
723 2736 950 2816 deputaverunt,
978 2738 1109 2814 ignotam

97 2825 318 2888 circumtulisse
341 2833 513 2886 sementem.
558 2831 605 2906 tu,
631 2831 665 2885 ut
692 2825 729 2884 de
757 2824 974 2884 mediterranea
996 2831 1109 2885 taceam

95 2914 249 2996 largitate,
283 2915 393 2975 victum
429 2913 598 2974 civitatibus
629 2912 776 2993 Tyrrheni
811 2915 901 2974 maris
933 2920 1109 2992 erogaturus
1123 2935 1150 2975 eo

95 3005 245 3085 granariis
267 3005 327 3064 tuis
350 3003 408 3064 duo
431 3005 530 3081 potius
553 3002 676 3063 flumina
699 3021 787 3081 quam
810 3003 868 3063 duo
891 3004 1007 3081 navigia
1030 3021 1109 3064 com-

94 3093 196 3174 plesti.
244 3091 272 3154 7.
300 3092 352 3153 sed
380 3095 407 3152 si
438 3092 513 3151 forte
540 3090 677 3151 Achaicis
704 3091 860 3152 Eleusinae
889 3094 1110 3171 superstitionis

62 818 70 875 ι’

172 3270 206 3319 13
224 3263 320 3317 forsan
340 3261 393 3317 GP
417 3265 426 3329 ΙΙ
454 3267 487 3315 14
506 3260 651 3331 praecipui
672 3262 704 3331 0,
729 3260 880 3330 praecipuo
904 3264 931 3332 (o
955 3280 1024 3318 corr.
1044 3279 1078 3317 ex
1099 3260 1110 3313 i

95 3334 289 3406 momen
308 3338 341 3388 15
359 3332 390 3386 in
407 3333 448 3403 (in
465 3349 485 3387 e.
507 3335 524 3388 l.
544 3335 608 3388 aeid.
627 3333 684 3399 Mn)
703 3332 811 3386 inficias
830 3333 867 3386 M
871 3332 956 3387 OPF
973 3337 982 3401 ll
1002 3338 1034 3386 18
1053 3332 1110 3384 fru-

93 3409 197 3462 menta
210 3422 260 3461 oen.
278 3405 350 3470 OPll
364 3409 398 3458 19
412 3402 522 3457 muneri
535 3405 720 3473 Izeeetjofeaeen,
733 3419 847 3457 munere
861 3406 937 3460 codol.
952 3407 961 3473 ΙΙ
975 3408 1010 3457 24
1023 3402 1110 3471 signi·

92 3479 256 3545 finibusque
276 3476 365 3531 OPF
388 3479 398 3544 ΙΙ
425 3479 458 3529 26
478 3474 628 3529 concinnat
646 3476 839 3547 IaeetJolennn,
864 3474 1005 3531 concibat
1020 3473 1131 3539 mon,

93 3547 233 3607 conciliet
249 3547 293 3615 R·
309 3563 347 3600 an
365 3545 505 3602 cantitat?
517 3553 528 3619 11
542 3553 577 3602 29
597 3548 757 3608 contulisse
779 3549 828 3622 Ob
