2414 3864
135 162 177 226 32
478 158 587 213 creua
607 156 803 215 succubus

136 310 215 390 quod
229 328 290 370 nou
304 309 412 370 vidisse
428 311 467 369 sit
481 309 621 369 sanctius,
644 311 732 387 pauci
745 315 845 369 tamen
854 307 997 370 versiculi
1010 307 1157 370 lectorem

32 415 36 421 ’
137 400 334 460 adventicium
358 396 587 458 remorabuntur
610 400 733 458 minime
752 397 888 478 improbo
907 404 1157 479 temperamento,

138 491 206 568 quia
228 507 280 549 eos
299 506 355 549 nec
374 487 515 565 relegisse
535 486 683 547 desiderio
703 493 749 547 est
767 505 822 548 nec
840 485 1005 566 perlegisse
1024 486 1157 548 fastidio.

137 581 196 638 iam
219 580 245 638 si
268 594 417 638 marmora
438 577 582 656 inquiras,
605 594 665 636 non
684 575 745 637 illic
764 575 885 655 quidem
903 575 995 636 Paros
1015 575 1158 656 Carystos

112 688 124 728 a
138 667 352 746 ProconnesoS,
366 664 496 744 Phryges
507 663 650 725 Numidae
661 664 825 745 Spartiatae
839 667 960 744 rupium
974 667 1158 726 variatarum

137 774 265 836 posuere
293 761 423 835 crustas,
454 771 551 832 neque
578 771 633 833 per
661 753 799 833 scopulos
826 754 1017 835 Aethiopicos
1048 761 1080 815 et
1107 754 1158 815 ab·

138 852 226 925 rupta
257 861 408 924 purpurea
440 844 568 922 genuino
601 842 698 903 lucata
730 842 884 923 conchylio
915 861 1056 923 sparsum
1083 843 1159 904 mihi

139 952 209 994 saxa
237 933 383 994 lurlurem
409 933 603 993 mentiuntur.
656 932 709 993 sed
737 934 794 993 etsi
823 931 905 994 nullo
927 935 1159 1013 peregrinarum

140 1025 271 1083 cautium
289 1024 388 1100 rigore
408 1020 547 1102 ditamur,
569 1020 681 1082 habent
698 1028 798 1083 tamen
816 1024 936 1101 tuguria
955 1039 1009 1108 seu
1027 1021 1160 1102 mapalia

100 1133 126 1172 ro
139 1130 204 1172 mea
224 1113 350 1171 civicum
369 1111 472 1189 frigus.
505 1112 576 1189 quin
595 1113 695 1189 potius
714 1111 785 1190 quid
799 1110 960 1172 habeamus
980 1129 1072 1190 quam
1087 1111 1158 1190 quid

140 1219 200 1261 non
218 1200 379 1261 habeamus
399 1198 540 1260 ausculta.
578 1197 607 1261 8.
626 1199 696 1261 huic
715 1199 854 1262 basilicae
874 1199 1022 1280 appendix
1042 1202 1160 1280 piscina

139 1290 306 1350 forinsecus
330 1307 393 1370 sen,
417 1291 443 1348 si
466 1290 599 1367 graecari
622 1291 724 1370 maviS,
746 1288 956 1369 baptisterium
978 1288 1015 1349 ab
1041 1291 1159 1351 oriente

141 1381 315 1459 conectitur,
334 1377 413 1456 quod
432 1378 537 1456 viginti
555 1379 675 1438 circiter
694 1378 862 1439 modiorum
879 1377 960 1438 milia
980 1380 1070 1458 capit
1101 1378 1160 1439 huc

141 1468 229 1529 elutis
260 1486 275 1527 e
304 1465 401 1527 calore
429 1465 617 1527 venientibus
647 1466 756 1546 triplex
783 1467 875 1528 medii
906 1468 1030 1546 parietis
1061 1468 1160 1529 aditus

101 1576 127 1616 15
142 1576 196 1637 per
226 1562 346 1616 arcuata
372 1553 525 1615 intervalla
555 1562 714 1616 reseratur.
760 1574 816 1617 nec
842 1556 919 1635 pilae
949 1564 1019 1617 sunt
1042 1557 1161 1618 mediae

142 1646 194 1706 sed
219 1643 381 1725 columnae,
405 1663 478 1723 quas
502 1643 657 1706 architecti
678 1646 838 1725 peritiores
859 1645 1067 1707 aedificiorum
1089 1664 1161 1726 pnr-

142 1752 233 1814 puras
265 1751 482 1812 nuncupavere.
533 1735 565 1794 in
591 1733 668 1794 hanc
696 1753 767 1813 ergo
794 1737 942 1814 piscinam
968 1734 1097 1796 fluvium
1124 1734 1161 1796 de

143 1821 302 1902 supercilio
322 1824 431 1882 montis
450 1821 583 1884 elicitum
602 1821 812 1902 canalibusque
832 1825 1020 1885 circumactis
1038 1832 1098 1904 per
1111 1842 1162 1885 ex-

142 1913 253 1971 teriora
276 1913 438 1971 natatoriae
462 1910 554 1972 latera
573 1919 728 1973 curvatum
746 1931 798 1973 sex
817 1912 933 1974 fistulae
951 1915 1162 1993 prominentes

103 2021 130 2061 ao
144 1999 264 2061 leonum
284 1998 428 2060 simulatis
448 1999 594 2080 capitibus
613 2001 778 2082 effundunt,
796 2020 870 2081 quae
885 2009 998 2063 temere
1012 2003 1162 2081 ingressis

143 2107 228 2150 veras
252 2089 385 2150 dentium
404 2096 510 2170 crates,
533 2107 632 2151 meros
651 2089 806 2152 oculorum
828 2091 954 2173 furoreS,
977 2097 1078 2152 certas
1098 2109 1163 2152 cer-

143 2181 242 2239 vicum
269 2177 354 2239 iubas
382 2177 631 2257 imaginabuntur.
678 2177 707 2240 9.
730 2179 780 2240 hic
804 2181 830 2241 si
852 2179 1006 2241 dominum
1029 2199 1087 2242 seu
1110 2180 1162 2241 do·

143 2270 267 2329 mestica
291 2286 344 2328 seu
366 2267 522 2347 hospitalis
541 2267 629 2328 turba
648 2270 829 2350 circumstet,
853 2271 922 2348 quia
939 2286 1012 2349 prae
1031 2271 1164 2349 strepitu

144 2358 248 2418 caduci
275 2357 408 2417 fluminis
436 2363 555 2417 mutuae
583 2375 688 2418 vocum
711 2359 791 2419 vices
814 2359 913 2419 minus
937 2357 1164 2439 intellegrmtur,

104 2466 130 2507 25
144 2449 176 2507 in
209 2464 311 2507 aurem
343 2445 401 2506 sibi
433 2445 560 2525 populus
591 2445 807 2528 confabulatur,
839 2449 880 2508 ita
908 2449 1008 2508 sonitu
1036 2465 1164 2526 pressus

144 2534 240 2595 alieno
269 2533 428 2596 ridiculum
456 2534 572 2595 affectat
598 2535 736 2614 publicus
765 2554 863 2596 sermo
887 2543 1043 2597 secretum.
1092 2536 1165 2597 hinc

104 2694 106 2699 ¹
145 2626 273 2703 egressis
297 2624 380 2684 lrons
403 2622 527 2684 triclinii
549 2624 721 2685 matronalis
745 2626 879 2706 offertur,
902 2627 951 2686 cui
970 2626 1166 2687 continuatur

144 2714 292 2773 vicinante
311 2715 440 2773 textrino
461 2710 535 2772 cella
552 2716 675 2793 penaria
694 2713 898 2774 discriminata
916 2721 1032 2775 tantum
1045 2717 1165 2794 pariete

146 2803 299 2862 castrensi.
339 2798 389 2863 10.
413 2801 449 2862 ab
474 2809 541 2863 ortu
565 2801 661 2863 lacum
679 2805 814 2883 porticus
832 2805 975 2885 intuetur,
997 2807 1095 2883 magis
1115 2822 1165 2864 ro-

106 2889 278 2950 rotundatis
315 2889 387 2950 lulta
421 2889 550 2970 collyriis
583 2910 672 2970 quam
702 2891 848 2953 columnis
880 2892 1026 2954 invidiosa
1058 2911 1166 2954 mono-

219 3082 233 3130 1
254 3079 350 3131 tamen
368 3095 417 3133 oro.
434 3079 458 3134 O
473 3082 482 3148 ΙΙ
501 3084 534 3132 13
552 3079 726 3135 moeniorum
746 3081 772 3134 L
785 3084 795 3152 ll
810 3085 844 3135 14
862 3080 965 3135 elaulis
984 3081 1168 3150 Latetjolraam

150 3149 153 3219 l
175 3164 189 3202 e
209 3165 259 3204 ooo.
278 3149 429 3205 Parisinus
446 3154 523 3206 2782
541 3153 644 3222 aliique
657 3155 666 3224 ll
687 3158 719 3207 16
738 3168 876 3223 purpuras
891 3152 1028 3222 LVMT,
1048 3151 1168 3208 absides

146 3219 192 3273 vel
209 3219 363 3289 piramides
379 3220 403 3276 0
412 3224 422 3290 l
436 3226 468 3274 21
489 3221 597 3276 furores
616 3241 666 3278 om.
685 3241 726 3294 sp.
742 3229 759 3280 5
778 3225 795 3280 l.
810 3241 834 3280 o.
849 3224 877 3279 L
890 3227 900 3295 ΙΙ
913 3230 947 3279 22
964 3221 1170 3294 imaginabant

146 3293 227 3346 aaalit
244 3291 421 3361 Maetjoltauo
452 3295 461 3362 ΙΙ
493 3298 527 3347 30
546 3292 660 3349 coluriis
679 3296 817 3350 Sirmood.
848 3296 853 3364 Ι
881 3294 1073 3350 monubilibus
1094 3296 1168 3366 LN,

147 3362 340 3417 monubilibus
360 3362 417 3432 (vel
435 3380 518 3419 mono
536 3382 556 3420 s.
573 3367 590 3420 l.
606 3368 669 3422 add.
685 3367 786 3437 M¹)M
791 3367 823 3435 V,
840 3365 1025 3421 munibilibua
1045 3383 1118 3424 corr.
1133 3385 1171 3424 ex

147 3433 340 3576 mbunubilllibus
360 3434 403 3503 θ’,
425 3433 597 3490 volubilibus
618 3438 649 3507 T,
668 3436 831 3492 monolithis
852 3438 1018 3507 Gustafssou
1036 3445 1061 3494 et
1081 3439 1171 3496 Laet-

132 3522 171 3570 yo
188 3523 247 3561 ann
