2414 3864
424 163 576 219 ottonum
594 165 627 220 V.

46 324 81 373 to
104 312 229 374 Coclitis
252 316 284 374 in
307 314 416 395 clipeo,
439 322 614 394 presserunt
635 314 717 374 milia
742 314 837 375 solum

104 402 199 462 multa
222 405 319 464 virum
342 403 490 483 pendente
513 406 573 485 via,
597 422 652 464 nec
675 411 764 482 ponte
789 403 898 486 soluto,

105 510 175 551 cum
199 491 331 573 caderet,
354 493 470 553 cecidit.
516 512 569 553 rex
593 493 671 553 idem
695 492 823 571 denique
847 501 941 554 morte

104 580 273 652 admonitus
297 581 412 642 scribae
437 581 542 642 didicit
565 581 624 642 sibi
645 581 723 642 bella
745 584 858 642 moveri

102 687 165 729 non
189 668 284 729 solum
308 688 376 731 cum
399 670 476 731 bella
500 671 609 751 forent,
632 688 702 730 mox
724 688 796 749 pace
818 673 911 749 petita

46 769 83 818 to
104 760 136 818 in
160 776 285 836 regnum
308 758 411 840 rediit,
434 778 494 819 non
517 766 578 819 tam
602 760 727 819 feriente
751 760 869 837 fugatus

103 865 192 926 quam
211 847 353 926 flagrante
376 851 450 909 viro.
497 855 621 909 steterat
643 867 712 908 nam
735 849 824 909 corde
847 848 944 927 gelato

103 935 243 996 Scaevola
266 944 297 997 et
319 939 453 1016 apposito
477 937 611 998 dextram
635 937 825 998 damnaverat
848 940 924 1020 igni,

99 1023 168 1103 plus
191 1024 261 1085 felix
284 1033 426 1105 peccante
449 1044 552 1107 manu,
576 1044 643 1086 cum
667 1027 742 1087 forte
766 1026 884 1087 satelles

101 1112 227 1193 palleret
251 1121 404 1175 constante
428 1133 480 1175 reo
503 1122 709 1194 tormentaque
734 1117 813 1193 capti

46 1209 81 1262 30
100 1204 127 1262 is
151 1202 281 1283 fugeret,
305 1205 357 1283 qui
380 1210 475 1265 tortor
499 1211 570 1264 erat.
615 1203 767 1264 Brennum
790 1206 954 1286 tremuisti,

98 1297 168 1369 post
176 1291 294 1352 melior:
309 1292 516 1372 quodcumque
526 1301 610 1354 tuum
621 1300 675 1374 est,
683 1292 890 1372 quodcumque
900 1297 1025 1377 vocaris,

98 1381 158 1439 iam
182 1379 263 1441 solus
285 1381 429 1461 Tarpeius
453 1388 529 1462 erat,
554 1382 605 1442 sed
629 1380 759 1461 reppulit
781 1400 859 1441 unus

98 1475 162 1528 tum
182 1488 298 1549 quoque
314 1476 407 1531 totam
426 1473 529 1551 aciem,
543 1471 676 1532 Senones
692 1470 762 1530 dum
782 1470 918 1550 garrulus
939 1491 1027 1534 anser

98 1560 215 1619 nuntiat
238 1566 268 1619 et
291 1559 393 1638 vigilat
414 1567 547 1621 vestrum
571 1562 634 1620 sine
657 1559 752 1620 milite
776 1559 876 1620 fatum.

46 1653 77 1705 35
97 1665 145 1706 me
170 1665 287 1726 quoque
312 1641 364 1730 (da
386 1651 519 1731 reniam,
543 1649 621 1728 quod
640 1648 750 1708 bellum
770 1651 918 1727 gessimus
939 1645 1025 1735 olim)

97 1743 166 1814 post
188 1735 326 1797 Trebiam
350 1736 525 1817 Cannasque
548 1737 665 1819 domas,
687 1737 876 1817 Romanaque
900 1746 980 1800 tecta

96 1823 244 1885 Hannibal
266 1833 334 1886 ante
359 1844 445 1887 meus
469 1845 557 1905 quam
580 1833 683 1886 nostra
706 1826 809 1905 Scipio
830 1827 913 1888 vidit.

98 1913 169 1992 quid
192 1911 311 1974 merul?
353 1915 420 1975 fatis
444 1933 534 1994 cogor
558 1915 614 1975 tibi
632 1913 709 1975 bella
728 1933 860 1998 movere,

98 2020 166 2062 cum
189 2001 267 2084 volo,
291 2022 360 2064 oum
382 2003 459 2064 nolo.
505 2004 640 2085 trepidus
663 2011 692 2065 te
716 2007 833 2065 territat
855 2005 965 2087 hostis,

46 2101 76 2152 ιο
96 2090 149 2150 sed
172 2098 255 2152 tutus
278 2091 433 2153 claudente
457 2094 548 2173 freto,
570 2093 651 2153 velut
673 2093 809 2172 hispidus
833 2093 890 2154 alta

97 2198 148 2240 sus
170 2199 264 2260 prope
287 2188 391 2260 tesqua
415 2185 491 2242 iacet
514 2181 691 2261 claususque
714 2185 881 2242 cacuminat
904 2182 979 2244 albis

96 2287 129 2329 os
153 2271 271 2348 nigrum
295 2269 363 2331 telis
386 2270 553 2351 gravidum3
577 2271 778 2332 circumlatrat
800 2273 905 2349 ingens

95 2358 182 2419 turba
206 2378 324 2441 canum,
346 2361 376 2436 si
397 2359 474 2419 forte
497 2358 568 2419 velit
591 2377 770 2420 concurrere
794 2377 911 2441 campo;

95 2446 145 2506 ille
168 2466 222 2526 per
245 2448 377 2509 obiectos
400 2466 506 2527 vepres
529 2455 624 2510 tumet
647 2455 735 2527 atque
758 2447 906 2530 superbit,

46 2547 75 2597 to
96 2538 125 2595 vi
148 2539 247 2597 tenuis
269 2537 413 2617 fortisque
438 2536 516 2617 loco,
540 2537 610 2597 dum
633 2538 786 2616 proximus
809 2535 877 2597 heia

94 2631 216 2684 venator
239 2625 275 2686 de
299 2625 373 2686 colle
397 2633 494 2687 sonat:
517 2645 574 2686 vox
597 2632 666 2686 nota
689 2627 825 2704 magistri

94 2712 232 2774 lassatam
255 2722 373 2793 reparat
395 2715 521 2796 rabiem;
545 2721 609 2775 tum
632 2713 754 2774 vulnera
777 2732 883 2775 caecus

94 2801 208 2862 fastidit
230 2805 341 2864 sentire
364 2804 455 2864 furor.
502 2803 573 2883 quid
596 2803 710 2883 proelia
733 2799 857 2863 differs?

94 2891 165 2970 quid
188 2909 269 2952 mare
293 2893 446 2974 formidas,
469 2911 524 2971 pro
548 2895 634 2953 cuius
657 2909 745 2970 saepe
768 2891 928 2970 triumphis

46 2994 72 3043 to
93 2988 123 3041 et
147 2980 261 3043 caelum
282 2999 413 3060 pugnare
437 2977 535 3042 solet?
581 2982 651 3061 quid
676 2981 754 3060 quod
777 2980 833 3040 tibi
856 2983 995 3060 princeps

97 3076 144 3130 est
166 3088 247 3131 nuno
270 3077 425 3149 praeterea
447 3072 588 3151 eximius,
612 3088 699 3149 quem
724 3068 840 3130 saecula
863 3068 991 3132 clamant

77 3245 112 3294 87
132 3239 205 3294 vidit
224 3240 318 3310 Scipio
337 3242 435 3296 nostro
454 3241 538 3310 (ldie
556 3259 607 3296 nos
609 3242 653 3296 ltro
671 3242 706 3308 cf.
721 3257 743 3296 c.
759 3241 863 3310 XVII,
875 3245 895 3297 2
913 3248 938 3297 et
951 3243 1020 3298 Ioco

46 3313 125 3369 tollen
143 3313 176 3367 de
193 3329 222 3367 ro
240 3319 314 3368 metr
330 3330 359 3382 p.
375 3316 505 3382 319qu
474 3316 652 3375 lnostrons
670 3314 709 3366 M
727 3315 736 3382 ΙΙ
759 3317 793 3366 94
811 3313 894 3368 timet
912 3314 964 3367 M*
971 3314 1024 3368 ΟΡ

46 3385 63 3439 ι
79 3385 143 3453 l9⁶
164 3386 245 3437 sonet
265 3384 382 3439 TOPF
402 3389 412 3452 l
436 3390 485 3438 101
501 3318 653 3465 ¹praeterea
671 3383 755 3454 M]p
756 3386 817 3438 raet
819 3401 870 3438 ura
890 3385 1020 3454 CPTF3

67 3471 143 3508 nuno
168 3453 285 3507 eximius
309 3471 393 3522 quem
414 3455 543 3524 praescia
567 3454 680 3510 saecule
703 3454 828 3509 clamant
851 3456 929 3512 codd
952 3456 1020 3510 Ber·

46 3528 97 3583 reio
115 3531 141 3581 et
160 3526 310 3581 Parisinus
324 3529 405 3584 2782
424 3527 480 3598 (bic
498 3533 593 3586 tomen
612 3531 641 3586 el
657 3546 688 3585 ιι.
707 3527 859 3597 erimusil

833 3615 893 3672 w*
