2414 3864
474 155 582 210 LIBER
600 155 732 212 NONUS.

373 322 507 366 camerae
530 307 562 364 in
585 323 715 384 superna
737 305 877 387 lychnus,

321 406 354 456 50
374 393 531 473 oleumque
555 396 724 454 nescientes

373 482 534 561 adipesque
559 482 723 562 glutinosos

372 578 457 632 utero
480 578 615 632 tumente
638 571 763 632 fundant

372 659 592 740 opobalsamum
614 658 764 721 lucernae.

416 801 518 863 Geruli
541 809 628 881 caput
650 802 795 881 plicantes

318 903 351 952 55
371 891 555 970 anaglyptico
578 890 695 951 metallo

372 979 474 1059 epulas
498 978 689 1058 superbiores

373 1072 485 1129 umeris
508 1069 605 1129 ferant
628 1071 752 1129 onustis.

371 1165 500 1238 paterae,
524 1157 636 1238 scyphi,
658 1156 772 1218 lebetes

373 1248 487 1308 socient
508 1245 632 1307 Falerna
655 1247 747 1306 nardo

319 1348 353 1397 60
371 1335 563 1414 tripodasque
587 1335 802 1414 cantharosque

372 1443 439 1485 rosa
463 1423 560 1484 sutilis
584 1430 714 1484 coronet.

372 1516 452 1574 iuvat
474 1515 518 1573 ire
541 1530 595 1592 per
618 1512 743 1573 corollas

373 1601 518 1663 alabastra
540 1600 729 1683 ventilantes3

373 1693 453 1752 iuvat
476 1697 506 1751 et
528 1709 600 1769 vago
623 1697 722 1751 rotatu

319 1791 353 1843 oo
372 1781 442 1840 dare
465 1779 557 1839 fracta
579 1778 712 1839 membra
734 1780 814 1861 ludo,

374 1867 513 1929 simulare
536 1867 582 1928 vel
605 1875 767 1929 trementes

372 1956 457 2037 pede,
479 1964 570 2037 veste,
592 1974 663 2016 voce
686 1957 825 2018 Bacchas.

372 2044 480 2106 bimari
503 2047 634 2106 remittat
656 2045 730 2106 urhe

373 2134 522 2215 thymelen
544 2134 690 2213 palenque
714 2135 816 2196 doctas

322 2237 354 2285 70
373 2224 487 2303 tepidas
511 2223 548 2284 ad
572 2224 704 2283 officinas

375 2312 570 2373 citharistrias
593 2312 763 2394 Corinthus,

375 2402 461 2480 digiti
484 2399 592 2479 quihus
616 2409 755 2462 canentes

374 2492 486 2569 pariter
510 2497 632 2550 sonante
655 2490 755 2568 lingua

374 2581 437 2640 vice
460 2579 588 2657 pectinis
610 2578 734 2656 fatigent

323 2671 502 2729 inanimata
526 2666 574 2726 fila
598 2666 694 2745 pulsu.

418 2791 491 2853 Date
515 2797 545 2851 et
567 2810 635 2852 aera
658 2790 795 2874 fistulata,

376 2881 488 2960 Satyris
512 2882 606 2941 amica
628 2880 730 2962 nudis3

377 2970 443 3030 date
467 2969 584 3030 ravulos
608 2970 771 3051 choraulas,

376 3057 484 3138 quibus
508 3066 591 3118 antra
614 3077 669 3138 per
691 3059 781 3138 palati

326 3159 360 3208 80
380 3146 509 3227 crepulis
533 3147 662 3207 reflanda
685 3146 787 3208 buccis

377 3238 468 3314 gemit
490 3254 562 3296 aura
586 3236 704 3297 tibialis

172 3390 198 3428 v.
214 3376 248 3426 69
271 3371 411 3440 palenque
431 3371 469 3425 M
472 3371 535 3441 OF,
560 3372 710 3441 palemque
729 3373 757 3425 P
776 3374 786 3442 ΙΙ
808 3391 834 3427 v.
851 3378 884 3428 70
907 3373 984 3443 tepid

100 3446 133 3499 in
150 3461 205 3499 rac.
221 3442 325 3512 M¹)M
346 3447 351 3514 Ι
376 3442 496 3497 officinis
519 3450 598 3511 (ectr.
613 3443 624 3496 i
642 3462 711 3500 corr.
730 3446 762 3499 in
781 3460 798 3498 a
816 3445 932 3514 M9M;
955 3463 984 3501 aa

94 3515 135 3570 ab
154 3514 316 3588 officinictt
