2414 3864
136 156 202 221 210
513 133 771 212 criuauouus.

136 313 205 366 neat
228 304 264 366 de
288 313 387 366 cetero
411 305 511 386 licitis,
531 308 582 384 qui
600 304 714 366 inlicita
732 308 941 386 praesumpsit.
975 325 1105 387 namque
1123 316 1167 387 et⁸

136 397 277 473 coniuges
301 397 368 475 ipsi,
391 412 569 474 quamquam
592 397 679 473 nupti
700 413 805 476 nuper,
828 386 876 456 his
898 396 1037 458 moribus
1055 404 1150 476 agunt,

135 484 190 544 hac
213 484 405 563 verecundia,
432 502 501 544 vere
523 491 563 544 ut
586 501 740 564 agnoscas,
769 486 794 544 si
818 483 912 544 semel
934 484 1060 567 videris,
1087 484 1146 564 plu·

37 631 43 642 ,
137 575 246 632 rimum
270 591 335 632 esse
355 571 434 651 quod
454 572 571 633 dillerat
588 571 637 632 ille
661 572 891 636 homstissimus
915 577 1042 635 uxorius
1070 592 1146 635 amor
1198 606 1201 639 ι

109 663 290 740 ssrgmentis⁸
307 659 527 740 inlecebrisque
546 660 799 722 concubinalibus,
836 678 951 722 memor
970 665 1067 724 nostri
1084 672 1144 724 esse

137 749 271 831 dignare,
295 750 412 810 domine
435 768 518 829 papa.
718 764 721 769 ’
1032 779 1035 785 ·

605 975 679 1042 VH.

219 1097 388 1154 amonius
404 1054 549 1152 uouruo
568 1097 688 1153 ecem
706 1097 861 1155 numicio
882 1097 1062 1154 amusan.

205 1212 232 1274 1.
257 1211 383 1284 Quidam
401 1211 437 1274 ab
456 1211 596 1272 Arvernis
614 1210 763 1288 Belgicam
785 1219 892 1291 petens
915 1207 1059 1294 (persona
1076 1210 1139 1272 mihi

124 1304 252 1381 cognita
276 1308 334 1382 est,
358 1319 445 1362 causa
468 1303 581 1380 ignota,
613 1317 669 1360 nec
701 1294 821 1384 refert),
853 1308 1014 1380 postquam
1041 1300 1138 1361 Remos

96 1409 122 1448 10
136 1390 301 1471 advenerat,
320 1389 447 1451 scribam
471 1396 556 1449 tuum
580 1390 641 1449 sive
664 1386 862 1468 bybliopolam
885 1392 984 1470 pretio
1003 1390 1064 1451 lors
1085 1389 1137 1449 luet

136 1480 272 1539 officione
296 1479 472 1539 demeritum
492 1480 696 1557 copiosissimo
715 1477 789 1539 velis
807 1478 884 1539 nolis
903 1478 1135 1540 declamationum

134 1576 254 1629 tuarum
277 1567 397 1628 schedio
426 1569 567 1628 emunxit,
614 1569 666 1645 qui
694 1568 786 1627 redux
815 1567 903 1628 uobis
927 1575 1017 1647 atque
1041 1565 1134 1647 oppido

136 1657 356 1737 gloriabundus,
380 1658 489 1735 quippe
512 1658 661 1735 perceptis
684 1663 728 1716 tot
750 1655 966 1738 voluminibus,
991 1672 1131 1736 quaecum·

136 1765 193 1824 que
222 1744 380 1825 detulerat,
413 1764 591 1824 quamquam
619 1747 747 1804 mercari
779 1747 904 1826 paratis,
938 1744 1018 1824 quod
1048 1752 1131 1806 tamen

96 1852 121 1892 15
136 1837 209 1895 civis
246 1827 316 1917 (nec
344 1841 407 1912 erat
433 1828 607 1917 iniustum),
638 1852 693 1913 pro
729 1832 861 1894 munere
881 1835 1016 1912 ingessit
1060 1847 1131 1894 curae
1198 1874 1201 1882 .

135 1923 210 1984 mibi
229 1941 244 1982 e
263 1924 388 2000 vestigio
408 1923 465 1983 luit
482 1924 598 2003 hisque,
621 1925 673 2001 qui
692 1921 820 2003 student,
844 1942 912 1983 cum
931 1926 1038 1984 merito
1056 1922 1129 1983 lectu·

135 2013 273 2092 riremuS,
296 2010 423 2090 plurima
446 2019 557 2093 tenere,
582 2018 686 2072 cuncta
709 2010 917 2072 transcribere.
965 2009 994 2073 2.
1018 2013 1130 2072 omnium

135 2119 259 2161 assensu
291 2103 517 2179 pronuntiatum
544 2119 638 2180 pauca
669 2118 749 2160 nunc
780 2118 875 2179 posse.
897 2100 1006 2162 similia
1035 2097 1129 2160 dictari.

135 2192 245 2251 etenim
273 2207 358 2250 rarus
387 2197 436 2251 aut
463 2189 562 2251 nullus
590 2196 651 2270 est,
682 2191 730 2249 cui
756 2188 935 2249 meditaturo
962 2208 1017 2268 par
1039 2188 1134 2250 affatim

93 2298 119 2337 ao
135 2281 255 2340 assistat
278 2278 433 2358 dispositio
456 2297 511 2358 per
533 2297 646 2359 causas,
668 2279 777 2357 positio
800 2296 855 2358 per
877 2276 1007 2359 litteras,
1030 2292 1137 2354 compo·

135 2371 203 2429 sitio
227 2387 281 2448 per
305 2366 438 2447 syllabas,
462 2367 496 2427 ad
521 2368 578 2428 hoc
601 2369 786 2447 oportunitas
806 2369 837 2426 in
856 2367 1000 2446 exemplis
1024 2367 1090 2427 fides
1105 2365 1148 2421 in

133 2458 326 2537 testimoniis,
354 2458 521 2535 proprietas
553 2459 584 2516 in
617 2456 757 2535 epithetis
784 2454 938 2516 urbanitas
971 2459 1002 2517 iu
1034 2453 1155 2534 figuriS,

134 2548 227 2606 virtus
250 2549 281 2606 in
305 2548 486 2624 argumentis
509 2545 626 2624 pondus
650 2547 680 2605 in
700 2543 847 2625 sensibuS,
865 2544 976 2606 flumen
1000 2547 1031 2606 in
1048 2540 1163 2604 verbis

134 2634 246 2695 fulmen
277 2637 309 2694 in
341 2633 489 2695 clausulis.
536 2633 565 2696 3.
603 2640 752 2695 structura
785 2651 855 2693 vero
888 2633 976 2695 sortis
1004 2642 1034 2695 et
1061 2633 1165 2693 orna

95 2740 120 2780 25
136 2726 436 2802 coniunctionumque
455 2723 672 2803 perfacetarum
686 2740 762 2782 nexa
781 2724 913 2782 caesuris
927 2719 1167 2798 insolubilibussae

135 2813 187 2872 sed
217 2831 272 2873 nec
299 2813 370 2873 hinc
399 2814 498 2872 miuus
527 2811 640 2873 lubrica
673 2819 703 2872 et
729 2810 803 2871 levis
831 2829 865 2872 ac
888 2813 985 2872 modis
1009 2807 1167 2872 omnbus

135 2901 309 2961 erotundata
337 2919 471 2980 quaeque
501 2899 622 2962 lectoris
650 2900 781 2979 linguam
804 2900 980 2961 inoffensam
1005 2898 1163 2962 decenter

206 3089 356 3158 nunptiae
370 3089 397 3143 L
413 3091 417 3157 Ι
434 3092 523 3157 agunt
540 3107 590 3145 om.
608 3090 681 3159 0ll³
700 3088 766 3160 hac]
786 3105 819 3142 ac
833 3088 940 3160 LOTll
956 3097 971 3146 't
990 3107 1050 3148 cnm
1065 3078 1150 3156 aptit

139 3158 186 3215 VI
206 3162 300 3214 ceteris
327 3163 432 3215 omneis
460 3163 590 3216 desinont
611 3161 645 3215 N
648 3163 687 3230 Τ,·
715 3177 783 3231 qnae
810 3167 975 3231 seponatur,
998 3157 1148 3232 palluere

134 3237 286 3285 atramento
304 3239 420 3286 exarata
437 3239 503 3286 sont
520 3235 552 3287 in
569 3233 608 3286 M
617 3236 626 3302 ΙΙ
641 3237 674 3286 10
688 3249 743 3286 seu
763 3231 800 3285 M
803 3231 827 3286 0
836 3235 845 3300 ΙΙ
864 3237 896 3286 11
918 3232 1075 3289 officiovene
1090 3225 1142 3291 (119

134 3319 194 3372 exp.
211 3302 319 3372 F¹)Fss
334 3308 366 3356 13
386 3319 577 3371 quaecumque
591 3305 626 3372 L,
645 3301 782 3372 quicquid
797 3304 836 3357 M
839 3302 880 3374 01
896 3303 1031 3373 quicquid
1047 3307 1136 3371 quam'

134 3389 219 3440 quam
236 3373 355 3427 mercari
373 3375 480 3443 psiatis
505 3375 646 3430 detulerat
666 3376 690 3431 0
713 3378 722 3442 ΙΙ
750 3378 783 3427 15
802 3373 874 3430 civis
893 3376 932 3444 L,
958 3377 1035 3431 cuius
1053 3370 1082 3438 θ,
1099 3357 1131 3414 'll

126 3444 203 3569 pelvis
219 3445 415 3588 maaca.
431 3445 664 3592 Mlfflfllpw
680 3444 789 3503 officim
802 3463 852 3502 om.
868 3446 1001 3503 Moru
1011 3448 1020 3516 p
1032 3451 1063 3501 aa
1074 3433 1130 3509 pc

159 3533 201 3570 ris
331 3534 364 3576 tn
382 3535 441 3575 ema
452 3535 566 3593 pagano
