2414 3864
145 144 263 207 XXVIII
544 150 757 205 PRAEFATIO.

143 301 191 382 111,
210 299 278 382 4‚1
305 300 406 378 desert
428 304 547 362 litteras
569 319 668 370 meas·
691 300 722 380 V,
744 295 831 381 101
856 302 968 361 libram
992 303 1092 376 ipitur
1109 302 1156 362 liic

148 395 213 468 ipse
243 393 403 467 deportat;
436 388 475 449 ib.
505 388 606 464 desert
632 393 776 450 uolumen.
822 387 1021 459 Quamobrem
1047 395 1158 449 servato

147 480 244 540 dativo
269 477 322 540 cui
345 498 399 558 pro
423 475 531 540 detulit
554 479 662 556 scripsi
686 480 792 551 detuli,
821 477 899 556 quod
927 478 1008 538 idem
1036 496 1157 538 esseae

146 572 219 630 dedi
236 568 283 628 vel
301 566 370 629 misi
384 584 489 628 rursus
504 567 562 627 duo
577 566 636 626 loci
646 566 863 645 symmachiani
877 567 1001 627 docent:
1015 586 1045 646 p.
1056 563 1156 647 25,18

130 661 229 733 *quod
252 660 328 718 midi
349 665 379 718 et
397 660 485 733 patri
506 673 586 717 uuas
606 662 696 730 atque
719 674 771 717 eas
790 658 899 732 oppido
919 658 1024 718 breves
1043 660 1159 718 litteras

149 750 285 808 detulisti
307 753 337 806 et
359 765 386 825 p.
406 743 481 825 221,
504 741 526 806 ὅ
548 749 577 806 si
598 747 674 805 milti
694 749 789 806 salam
812 748 971 821 epistulam
995 748 1158 806 detulisses.

146 835 209 896 Hoc
234 836 325 914 igitur
348 834 488 895 Sidonius
512 833 613 894 dicere
636 832 713 893 vult:
741 829 821 894 ‘cum
849 835 890 913 ei,
918 852 992 912 quae
1021 836 1159 914 iusseras,

144 925 201 984 hoc
224 927 290 1002 ipso
314 930 447 1003 tempore
471 922 634 983 transferre
658 915 691 1005 (i.
716 941 740 982 e.
764 915 979 1004 transcribere)
1008 941 1070 982 non
1093 941 1156 1002 pos·

146 1032 209 1073 sem
233 1047 275 1054 -
299 1031 353 1092 pro
385 1019 467 1072 tanta
499 1013 579 1071 enim
611 1013 763 1090 provincia
795 1029 875 1071 nunc
903 1011 1022 1090 quidem
1055 1030 1156 1090 parum

145 1100 283 1162 vacabam
308 1102 422 1161 -hic
446 1093 480 1182 (i.
504 1119 529 1160 e.
552 1100 607 1160 hac
631 1094 773 1182 epistula)
795 1098 878 1160 vobis
902 1102 1024 1160 iuterim
1048 1100 1156 1180 aliquid

146 1189 317 1251 munusculi
339 1193 403 1250 vice
427 1185 517 1250 misi?
561 1188 604 1249 lie
630 1192 793 1265 prouincia
817 1189 853 1249 01.
878 1208 923 1268 ep.
944 1189 974 1269 V,
995 1186 1064 1270 7,1
1090 1208 1160 1265 auos

146 1283 223 1341 daec
243 1283 445 1356 peculiariter
461 1281 623 1355 prouincia
646 1287 760 1352 maaet,
785 1276 837 1338 uhi
859 1277 914 1338 hac
936 1296 1009 1339 voce
1032 1296 1095 1338 non
1117 1281 1160 1339 in·

146 1367 263 1429 tellecta
286 1367 425 1428 librarius
450 1367 561 1428 codicis
584 1367 609 1426 Τ
636 1385 672 1427 ex
700 1376 802 1428 maaet
831 1368 1018 1446 ineptissime
1047 1374 1161 1429 maeret
1203 1360 1205 1407 3

146 1458 232 1538 10011,
256 1457 356 1517 Claud.
379 1457 464 1517 Mam.
484 1476 512 1536 p.
533 1453 606 1537 184,
628 1454 667 1518 18
684 1460 856 1532 plusculum
878 1459 1067 1532 respondere
1089 1452 1160 1518 milti

143 1550 305 1623 prouincia
332 1545 409 1621 suit;
443 1542 520 1626 188,
548 1541 588 1607 15
618 1563 686 1606 cura
715 1552 848 1619 utraque
878 1548 1002 1620 apitare
1030 1549 1108 1607 milti
1131 1564 1159 1622 p.

143 1634 249 1710 suerit.
265 1669 307 1676 —
322 1634 354 1715 V,
368 1633 398 1715 2,
414 1631 432 1695 1
457 1632 704 1712 Engelbrechtius
723 1627 923 1694 ‘Untersuchf
938 1652 965 1712 p.
981 1632 1024 1695 27
1039 1641 1161 1714 propter

147 1721 236 1783 verba
255 1731 285 1783 01
303 1724 506 1784 antecedentia
521 1730 551 1782 et
566 1724 721 1802 sequentia
735 1721 799 1782 coll.
815 1721 915 1783 Claud.
930 1721 1016 1783 Mam.
1033 1743 1061 1802 p.
1078 1721 1129 1804 81,
1143 1719 1160 1783 'l

147 1811 230 1872 malit
253 1815 452 1888 astrolopica,
483 1813 609 1871 10010550
632 1818 729 1892 00010,
757 1811 836 1889 quod
859 1819 959 1871 tamen
981 1813 1056 1873 haec
1079 1830 1161 1873 voca·

146 1900 215 1961 bula
238 1900 363 1980 pluralia
387 1904 487 1962 neutri
509 1903 628 1979 generis
651 1918 718 1960 esse
742 1906 838 1979 putat,
862 1918 923 1960 non
945 1903 974 1961 ei
997 1903 1163 1981 assentior;

149 1989 281 2067 singulae
305 1992 385 2050 enim
408 1996 487 2050 artes
511 1982 563 2072 (de
582 1993 721 2050 oratoria
739 1989 773 2048 01
790 2006 835 2068 ep.
855 1988 889 2070 Π,
910 1987 960 2070 10,
980 1984 1016 2073 6)
1036 1989 1161 2070 singulis

148 2078 241 2138 Musis
265 2079 454 2158 respondent.
470 2078 559 2158 -V,
578 2075 644 2158 3‚4
663 2076 789 2138 Geisleri
808 2080 1010 2139 coniecturam
1029 2083 1075 2140 ita
1094 2081 1163 2142 aeri

149 2167 373 2246 praeferendam
401 2186 467 2228 esse
498 2168 582 2248 duxi3
611 2171 655 2228 ita
682 2173 750 2245 post
777 2169 855 2227 illud
875 2185 929 2246 per
953 2166 1165 2230 abundantiam

150 2256 297 2334 quandam
321 2257 452 2318 additum
476 2263 533 2339 est3
563 2257 599 2317 01.
622 2256 721 2316 Ruric.
745 2273 773 2333 p.
793 2252 873 2337 420,
893 2254 936 2317 25
959 2261 1042 2335 quod
1063 2266 1095 2319 et
1116 2275 1167 2318 aas

150 2350 194 2407 ita
227 2349 356 2407 credere
388 2350 517 2420 conside.
551 2379 592 2388 --
626 2346 658 2425 V,
676 2340 746 2425 5,2
769 2344 859 2404 verbo
892 2348 1015 2408 harilao
1044 2364 1166 2408 crucem

149 2435 312 2513 praefigere
345 2433 440 2516 uolui,
472 2438 541 2514 quia
569 2453 629 2495 non
658 2442 716 2494 tam
741 2441 914 2513 corruptum
937 2434 1055 2496 videtur
1079 2453 1167 2515 quam

151 2522 247 2583 adhuc
270 2542 331 2583 non
353 2522 541 2603 explanatum
561 2530 613 2585 est.
647 2523 786 2583 Ceterum
806 2521 924 2603 dubito,
946 2531 1047 2584 utrum
1053 2571 1063 2604 ,
1088 2522 1167 2603 quod

150 2610 333 2672 Mommseno
360 2611 470 2693 placet,
502 2613 646 2674 falconem
673 2611 805 2671 noudum
836 2611 980 2672 domitum
1007 2619 1039 2672 01
1061 2613 1168 2674 rudem

151 2718 188 2760 an
211 2701 314 2761 nidum
338 2700 460 2761 lalconis
485 2703 639 2780 significet.
664 2735 706 2742 —
730 2698 771 2761 lb.
791 2698 813 2760 4
835 2719 889 2779 pro
918 2705 1020 2778 operis
1047 2699 1168 2780 Luetjo-

153 2789 270 2850 hanuus
293 2790 403 2850 lrustra
429 2791 549 2868 scripsit
571 2808 699 2866 operae;
732 2789 767 2849 01.
792 2788 930 2867 Engelhr.
951 2785 1066 2851 ‘Beitr'
1090 2809 1119 2870 p.
1139 2788 1168 2852 3.

152 2877 240 2956 Fugit
263 2886 361 2939 autem
379 2879 458 2940 hunc
478 2877 513 2939 ab
532 2881 599 2957 ipso
619 2878 778 2939 Claudiano
797 2877 940 2938 Mamerto
959 2880 1170 2957 gravissimum

153 2968 357 3027 testimonium
381 2970 476 3048 repeti
500 2986 600 3048 posse,
624 2986 692 3028 nam
716 2985 783 3026 cum
802 2986 830 3046 p.
852 2965 925 3047 188,
945 2963 987 3029 14
1006 2967 1087 3028 dicat
1106 2986 1168 3029 am-

149 3059 231 3133 plius
261 3074 374 3133 operae
400 3055 613 3119 insumendum
640 3065 696 3130 est,
728 3074 756 3134 p.
784 3053 860 3136 156,
885 3053 905 3117 6
935 3059 1081 3135 scriptum
1109 3065 1170 3118 est:

152 3147 286 3205 studium
305 3152 395 3221 atque
414 3165 489 3224 opus
508 3150 649 3208 insumat.
666 3179 703 3190 —
724 3145 756 3225 V,
771 3142 835 3225 6,1
857 3146 882 3204 51
900 3149 1073 3207 reverenda
1088 3153 1171 3206 recte

154 3251 185 3292 se
210 3231 307 3314 habet,
330 3241 363 3294 ut
382 3239 642 3297 reverentissimus
660 3253 714 3314 pro
733 3236 1014 3308 reverendissimus,
1035 3237 1080 3295 sic
1100 3254 1170 3296 con·

155 3329 202 3381 tra
225 3326 411 3384 reuerendus
433 3343 488 3404 pro
511 3344 655 3386 reverens
678 3324 790 3385 dictum
814 3340 880 3382 esse
905 3324 1096 3384 statuendum
1116 3332 1172 3385 est.

155 3410 301 3489 Equidem
324 3411 423 3472 malim
446 3417 642 3476 reverendae.
667 3447 708 3455 —
733 3412 763 3492 V,
783 3407 852 3491 8,2
882 3409 991 3472 Leonis
1019 3415 1172 3474 coniectu-

142 3516 212 3555 ram
232 3504 362 3562 saeculi
378 3507 473 3583 culae
495 3505 599 3567 nescio
620 3522 659 3566 an
676 3501 786 3564 melius
802 3502 1003 3579 recepissem,
1019 3520 1094 3561 nam
1109 3503 1173 3563 uul-
