2414 3864
147 162 211 227 178
502 162 611 216 LIBER
630 160 804 219 OCTAVUS.

146 312 213 372 fieri
236 318 355 390 praeter
378 314 546 373 iactantiam
573 319 685 393 potest,
712 312 824 391 gaudeo
849 311 885 373 de
912 313 1151 392 praestantissimi

146 402 202 461 viri
226 403 410 482 auctoritate,
434 403 460 461 si
483 408 583 462 certus
602 407 657 483 est,
679 419 789 482 amore,
812 402 839 462 si
857 400 981 463 fallitur:
1004 401 1075 464 licet
1092 405 1152 482 quis

146 496 322 570 provocatus
345 507 425 551 nunc
448 489 484 551 ad
508 486 583 550 iacta
605 492 752 550 maiorum
773 508 834 550 non
856 492 1069 574 inertissimus,
1091 495 1152 570 quis

146 596 264 658 qnoque
288 578 324 638 ad
347 578 437 639 verba
460 596 520 638 non
542 580 759 639 infantissimus
782 577 861 640 erit?
887 598 1016 659 namque
1034 583 1153 642 virtutes

118 670 255 728 sarlium
277 669 403 728 istarum
426 667 553 729 saeculis
580 670 679 747 potius
708 669 818 747 priscis
846 667 1035 730 saeculorum
1061 677 1155 730 rector

146 758 291 836 ingenuit,
315 775 390 835 quae
413 775 467 836 per
490 763 615 816 aetatem
638 757 743 816 mundi
761 758 820 817 iarn
838 760 1024 819 senescentis
1043 758 1154 819 lassatis

145 845 237 906 veluti
260 843 424 906 seminibus
453 844 645 906 emedullatae
672 863 778 924 parum
805 845 917 924 aliquid
944 846 1003 907 hoc
1026 854 1154 927 tempore

145 936 177 994 in
197 933 443 1015 quibuscumque,
467 941 554 1013 atque
573 935 603 994 id
622 936 654 994 in
671 937 784 1016 paucis,
806 935 975 996 mirandum
994 954 1029 996 ac
1047 954 1153 997 memo·

145 1022 239 1083 rabile
262 1029 419 1083 ostentant.
456 1021 486 1083 4.
509 1024 598 1084 huius
620 1030 720 1084 tamen
743 1041 807 1105 ego,
830 1027 888 1085 etsi
906 1024 1075 1086 studiorum
1098 1043 1153 1085 om·

106 1133 131 1173 ro
145 1113 229 1172 nium
252 1119 340 1190 caput
362 1118 408 1172 est
430 1111 670 1193 litterarumque,
693 1115 763 1190 quia
785 1131 944 1192 personam
967 1131 1087 1194 semper
1108 1132 1153 1174 ex·

145 1199 231 1280 colui,
254 1218 359 1261 vereor
382 1203 559 1261 sententiam
582 1219 671 1280 supra
695 1220 784 1280 quarn
806 1203 915 1263 veritas
938 1200 1030 1263 habet
1053 1203 1151 1263 affectu

144 1289 352 1369 ponderatiore
380 1288 533 1369 prolatam.
579 1307 676 1368 neque
707 1289 744 1350 ob
771 1290 828 1351 hoc
855 1291 966 1351 infitias
994 1293 1082 1352 ierim
1109 1308 1151 1351 mc

47 1433 50 1437 ,
145 1396 232 1457 saepe
265 1377 423 1438 luculentis
455 1380 519 1438 eius
552 1378 720 1448 actionibus
746 1378 910 1461 adstitisse,
943 1398 1071 1458 quarum
1099 1397 1150 1458 me,

145 1469 202 1527 etsi
224 1466 349 1528 reddere
373 1473 509 1528 mutuum
531 1466 642 1549 videor,
665 1466 712 1528 vel
734 1486 771 1528 ex
793 1475 877 1547 parte
901 1470 1075 1547 cursimque
1093 1469 1150 1528 fieri

105 1577 130 1616 15
145 1573 307 1615 memorem
329 1556 374 1617 ias
397 1563 451 1616 est.
488 1552 518 1618 5.
542 1556 641 1616 audivi
664 1575 733 1618 eum
756 1556 930 1617 adulescens
954 1563 1044 1636 atque
1064 1557 1149 1617 adhuc

144 1663 239 1725 nuper
268 1663 303 1704 ex
332 1663 440 1726 puero,
472 1663 540 1705 cum
571 1655 656 1724 pater
687 1663 772 1706 meus
804 1645 973 1725 praelectus
1006 1647 1150 1725 praetorio

144 1732 302 1794 Gallicanis
324 1732 522 1795 tribunalibus
540 1733 734 1815 praesideret,
757 1732 813 1794 suh
832 1736 918 1795 cuius
936 1734 1078 1796 videlicet
1094 1752 1147 1795 ma·

144 1825 269 1901 gistratu
292 1821 395 1882 consul
417 1823 552 1902 Astyrius
575 1825 645 1883 anni
672 1826 720 1884 sui
746 1823 826 1884 fores
849 1825 980 1884 votivum
1004 1824 1149 1884 trabeatus

144 1917 308 1990 aperuerat.
354 1910 548 1971 adhaerebam
572 1911 661 1972 sellae
685 1911 794 1992 curuli,
817 1915 874 1972 etsi
897 1930 957 1973 non
980 1911 1078 1973 latens
1100 1927 1148 1991 per

103 2021 130 2060 ao
144 1999 289 2080 ordinem,
312 2006 392 2059 certe
415 2018 475 2060 non
494 2000 601 2061 sedens
619 2019 674 2079 per
692 2008 826 2081 aetatem,
849 2003 1020 2080 mixtusque
1039 2010 1148 2063 turmae

144 2087 327 2149 censualium
344 2088 567 2167 paenulatorum
589 2088 704 2171 consuli
721 2092 872 2169 proximae
891 2092 1048 2169 proximus
1067 2107 1149 2151 eram.

142 2180 251 2258 itaque,
274 2184 308 2238 ut
326 2179 455 2256 primum
473 2178 556 2239 brevi
574 2185 702 2259 peracta,
725 2197 781 2240 nec
798 2177 907 2260 brevis,
926 2179 1060 2258 sportula
1078 2179 1147 2239 dati·

143 2285 201 2345 que
224 2267 301 2348 fasti,
324 2265 515 2328 acclamatum
540 2275 585 2327 est
608 2267 643 2327 ab
667 2270 749 2327 omni
771 2266 880 2328 Galliae
904 2275 991 2328 coetu
1014 2269 1146 2347 primori·

143 2355 199 2415 bus
226 2355 446 2435 advocatorum,
477 2363 509 2416 ut
538 2357 697 2417 festivitate
723 2363 898 2435 praeventas
924 2356 1014 2416 horas
1042 2355 1152 2417 antelu·

103 2463 131 2504 aa
145 2463 245 2525 canas,
282 2463 356 2523 quae
394 2445 472 2505 diem
509 2463 609 2505 serum
641 2463 708 2506 cum
741 2444 859 2505 silentio
890 2444 1154 2524 praestolarentur,

144 2550 273 2611 congrua
296 2536 489 2595 emeritorum
511 2533 636 2594 fascium
659 2533 746 2594 laude
768 2534 969 2594 honestarent.
1016 2531 1045 2595 6.
1069 2533 1157 2594 Νἰιιερ

216 2744 231 2792 7
249 2738 280 2791 in
297 2746 361 2794 onte
383 2739 437 2794 hoo
459 2741 512 2795 ius.
531 2740 565 2794 N
568 2739 620 2794 OT
636 2747 662 2794 et
679 2757 700 2794 a.
720 2741 737 2794 l.
756 2740 820 2794 odd.
835 2739 872 2792 M
876 2739 894 2806 ¹,
917 2756 967 2794 om.
987 2740 1047 2802 LV
1068 2741 1163 2796 Vecte.

143 2812 213 2864 3421
229 2813 238 2879 {i
253 2816 286 2863 10
305 2811 372 2879 qnia
390 2811 490 2880 ΖΜΟ,
510 2810 559 2878 qui
578 2812 610 2879 T,
629 2810 705 2879 qui*
722 2817 748 2865 et
765 2827 786 2865 s.
806 2811 824 2864 l.
843 2811 907 2866 odd.
927 2810 973 2865 vel
991 2811 1060 2880 quia
1079 2811 1127 2867 Μ’
1147 2822 1157 2875 ιζ

145 2887 176 2933 11
196 2897 281 2948 supra
298 2898 384 2949 quam
397 2884 502 2936 veritas
516 2882 615 2962 habet]
632 2883 665 2948 cf.
681 2881 782 2936 Faust.
797 2900 827 2951 p.
842 2886 906 2949 105,
918 2886 954 2936 21
964 2883 1001 2938 Ε.
1020 2886 1053 2936 ut
1066 2881 1165 2938 hebet

144 2950 246 3004 veritas
261 2954 269 3020 l
285 2959 316 3005 12
336 2952 367 3005 in
385 2952 424 3022 (in
444 2955 508 3008 adol.
523 2953 584 3019 Ma,
604 2951 712 3006 inficias
732 2951 770 3005 M
774 2952 798 3007 0
807 2956 816 3023 l
832 2956 865 3005 18
883 2952 1007 3022 astyrius
1026 2954 1062 3022 L,
1086 2953 1165 3008 esti»

142 3022 201 3075 rius
219 3026 298 3085 (corr.
318 3025 350 3078 in
369 3023 488 3078 asterius
502 3025 540 3078 M
544 3024 565 3092 ²)
572 3024 610 3077 M
612 3025 643 3092 T,
663 3022 783 3077 asterius
805 3023 829 3078 0
838 3026 847 3094 ΙΙ
863 3028 895 3076 19
910 3031 976 3094 post
992 3023 1088 3079 latens
1105 3027 1158 3097 lap.

143 3092 342 3163 generositatis
361 3097 392 3150 ia
408 3096 431 3150 0
446 3102 472 3150 et
489 3113 509 3151 o.
525 3097 542 3150 l.
557 3097 589 3149 ire
602 3097 640 3149 M
641 3096 648 3125 ¹
662 3097 671 3164 ΙΙ
685 3101 717 3148 21
738 3096 846 3148 consuli
864 3095 991 3163 proxime
1009 3094 1163 3166 proximus

144 3170 224 3234 (corr.
243 3165 275 3218 ic
291 3165 426 3235 proximis
440 3166 479 3220 M
480 3167 545 3234 ¹)M‚
565 3166 674 3220 consuli
691 3166 815 3234 proxime
831 3164 965 3234 proximis
982 3167 1011 3237 0,
1031 3167 1169 3222 consulis·

142 3235 287 3306 proximae
305 3237 448 3305 proximus
458 3237 492 3306 L,
512 3237 643 3293 consuli*
660 3242 688 3301 (1
704 3238 756 3292 litt.
765 3234 851 3305 arou)
870 3236 996 3306 proxime
1009 3238 1164 3309 proximus

149 3309 180 3376 V,
198 3305 323 3376 proxime
343 3310 369 3376 (e
387 3310 418 3362 in
435 3325 490 3363 ros.
505 3309 539 3362 N
541 3309 559 3375 ¹)
579 3307 686 3363 consuli
703 3308 837 3377 proximis
856 3307 877 3375 (i
891 3325 959 3364 corr.
974 3326 1009 3364 cac
1022 3327 1041 3362 u
1055 3309 1091 3364 N
1093 3306 1162 3380 ¹)N‚

142 3380 286 3449 proximae
304 3378 438 3447 proximis
452 3379 561 3433 consuli
576 3381 602 3433 T
613 3383 622 3449 ll
636 3385 670 3434 25
689 3396 761 3447 qnae
776 3380 802 3432 L
820 3385 845 3434 et
864 3383 911 3447 (eo
928 3381 961 3434 in
973 3397 1031 3438 ras.
1045 3381 1106 3450 ns)
1113 3374 1172 3444 M,

143 3466 196 3517 que
214 3449 282 3517 PF,
300 3449 349 3518 qui
370 3450 421 3504 OT
441 3453 450 3518 l
473 3458 507 3505 26
527 3467 651 3520 congrua
669 3453 847 3505 emeritorum
866 3450 900 3515 L,
924 3467 1051 3520 congrua
1068 3452 1163 3505 meria

132 3523 226 3575 torum
247 3526 329 3592 (corr.
349 3540 385 3580 eo:
403 3521 714 3595 congruaemeriiorum
729 3529 761 3576 ut
777 3540 805 3577 o.
819 3522 910 3588 NilN
925 3524 956 3588 <a
973 3526 1006 3578 iu
1019 3539 1074 3580 ros.
1089 3519 1168 3591 Μ’)
