2392 3854
226 128 393 184 SIDONIUS
413 128 625 186 GAUDENTIO
645 129 713 185 SUO
733 129 911 185 SALUTEM.
1057 132 1074 195 7

54 280 226 359 perniciter
248 280 359 339 sarcire
382 278 581 361 dispendium,
608 299 659 359 ne,
688 283 714 340 si
737 287 820 340 extra
843 282 1077 359 praerogativam

55 367 227 430 consiliarii
257 369 287 427 in
320 367 478 428 concilium
510 372 642 450 veneris,
674 368 752 430 solas
785 371 964 430 vicariorum
996 371 1076 430 vices

55 455 158 536 egisse
183 456 308 517 videare.
354 456 426 517 vale.

541 649 597 714 IV,

226 733 392 825 sioomos
412 768 624 825 cnuonnmo
645 770 713 827 suo
733 770 910 826 siconem.

131 899 160 961 1.
193 899 284 961 Macte
313 909 390 982 esto,
421 903 467 961 vir
494 901 690 981 amplissime,
722 901 852 962 fascibus
882 903 976 980 partis
1009 901 1076 962 dote
1104 915 1128 966 5.

55 992 251 1069 meritorum3
283 1009 411 1069 quorum
443 997 475 1051 ut
506 989 601 1051 titulis
635 989 829 1070 apicibusque
856 993 985 1071 potiare,
1017 1008 1078 1051 non

57 1085 213 1139 maternos
236 1079 358 1160 redituS,
380 1098 441 1140 non
464 1081 556 1140 avitas
574 1079 756 1160 largitiones,
778 1097 838 1139 non
857 1081 977 1140 uxorias
996 1098 1076 1158 gem-

56 1185 134 1247 maS,
163 1186 223 1228 non
245 1175 383 1247 paternas
406 1170 547 1248 pecunias
570 1169 773 1249 numeravisti,
797 1170 865 1246 quia
888 1168 944 1228 tibi
967 1187 983 1228 e
1007 1187 1076 1228 con-

56 1259 153 1317 trario
176 1258 252 1336 apud
276 1260 420 1337 principis
448 1258 569 1318 domum
592 1260 726 1337 inspecta
750 1259 919 1336 sinceritas,
947 1263 1077 1335 spectata

58 1345 213 1427 sedulitas,
235 1346 364 1407 admissa
389 1346 528 1407 sodalitas
551 1346 630 1408 laudi
654 1348 745 1408 fuere.
788 1364 805 1405 o
828 1353 933 1424 terque
958 1353 1076 1424 quater·
1091 1362 1117 1400 m

58 1453 118 1513 que
148 1433 265 1495 beatum
293 1443 337 1516 te,
369 1435 405 1495 de
438 1438 523 1497 cuius
552 1435 681 1496 culmine
710 1435 796 1495 datur
824 1437 929 1495 amicis
957 1434 1077 1515 laetitia,

57 1523 160 1583 lividis
185 1542 290 1605 poena,
321 1527 450 1604 posteris
483 1524 589 1606 gloria,
620 1532 685 1585 tum
716 1530 871 1603 praeterea
902 1526 1014 1602 vegetis
1047 1530 1077 1583 et

60 1611 210 1673 alacribus
233 1613 411 1694 exemplum,
434 1613 587 1674 desidibus
611 1621 642 1674 et
663 1615 758 1693 pigris
781 1614 1019 1693 incitamentum3
1048 1620 1077 1673 et

59 1709 174 1781 tamen,
205 1704 232 1762 si
265 1704 318 1781 qui
349 1710 431 1783 sunt,
464 1704 516 1781 qui
543 1710 572 1763 te
597 1719 784 1782 quocumque
813 1703 911 1761 animo
935 1702 1076 1779 deinceps

61 1788 296 1872 aemulabuntur,
324 1791 382 1851 sibi
405 1791 543 1871 forsitan,
571 1793 649 1852 site
673 1797 907 1871 consequantur,
941 1790 1118 1870 debeant,1s

62 1877 118 1938 tibi
141 1879 290 1941 debebunt
312 1879 417 1960 procul
441 1879 541 1961 dubio,
564 1881 643 1958 quod
667 1887 841 1960 sequuntur.
887 1877 916 1940 2.
941 1886 1076 1958 spectare

64 1967 136 2026 mihi
158 1968 258 2030 videor
280 1969 429 2030 honorum
450 1987 523 2048 pace
551 1970 682 2047 praefata
704 1968 785 2029 illam
808 1971 839 2028 in
863 1968 971 2028 invidis
994 1971 1076 2048 igna-

65 2057 140 2116 viam
171 2058 391 2136 superbientem
424 2064 454 2118 et
483 2056 556 2118 illud
583 2057 730 2118 militandi
757 2056 904 2119 inertibus
933 2056 1076 2117 familiare

69 2143 224 2228 fastidium,
252 2166 319 2208 cum
343 2166 360 2207 a
388 2147 595 2226 desperatione
624 2147 780 2207 crescendi
808 2149 886 2207 inter
913 2145 1075 2206 hibendum

70 2231 300 2314 philosophantes
321 2237 410 2297 ferias
429 2235 674 2296 inhonoratorum
692 2236 820 2316 laudant,
843 2237 914 2295 vitio
935 2233 1075 2315 desidiae,
1091 2252 1116 2290 so

73 2337 127 2380 non
148 2325 242 2384 studio
265 2326 460 2404 perfectionis
480 2373 486 2384 .
507 2373 513 2384 .
534 2373 540 2383 .

433 2412 452 2454 a:
561 2449 580 2490 3
688 2412 707 2454 ³8

79 2491 104 2554 3.
124 2546 130 2556 .
147 2547 177 2559 ..
200 2505 362 2582 appetitus,
393 2520 431 2562 ne
461 2502 557 2562 adhuc
585 2504 687 2580 pueris
715 2503 785 2562 usui
808 2501 896 2579 foret,
930 2501 1076 2560 maiorum

81 2584 175 2648 indicio
194 2591 384 2672 reiciebatur3
409 2593 452 2651 sic
467 2590 691 2651 adulescentum
706 2588 985 2651 declamatiunculas
1004 2608 1075 2667 pan·

83 2674 122 2732 nis
144 2679 289 2741 textilibus
317 2686 524 2759 comparantes
551 2679 762 2759 intellegebant
789 2678 905 2757 eloquia
935 2681 1075 2739 iuvenum
1091 2692 1116 2733 25

83 2757 237 2829 laboriosius
270 2769 372 2830 brevia
403 2769 529 2848 produci
562 2787 651 2847 quam
681 2776 818 2847 porrecta
851 2768 972 2829 succidi.
1024 2769 1074 2829 sed

10 3016 12 3053 ;
86 2986 288 3060 participandam
302 2993 336 3047 N
338 2993 376 3046 M
379 2992 432 3048 OT
442 2995 452 3063 ΙΙ
467 2998 500 3047 16
520 2995 729 3062 consequuntur
745 2992 769 3047 O
778 2994 787 3061 ΙΙ
802 2998 836 3046 20
855 2991 940 3046 ferias
959 2992 1076 3047 inhono-

10 3062 12 3069 '
86 3057 188 3135 rjtlomm
206 3066 248 3131 (dn
264 3081 320 3120 ras.
335 3081 356 3119 s.
371 3065 388 3120 l.
404 3065 438 3120 N
439 3067 461 3132 ²)
480 3064 601 3118 laudant
619 3065 652 3118 N
655 3064 708 3118 OT
724 3070 750 3118 et
763 3065 870 3132 partim
888 3067 920 3118 dn
937 3082 992 3120 ras.
1009 3082 1075 3133 pol·-

87 3129 125 3205 ltm
141 3132 168 3185 in
188 3143 255 3204 spat.
278 3152 337 3192 cac.
357 3137 423 3191 add.
442 3137 480 3190 M
483 3137 492 3166 ¹
515 3142 566 3191 cut
583 3137 622 3191 Μ
625 3138 643 3204 ²,
663 3135 692 3189 in
716 3134 805 3203 frigus
824 3134 962 3189 honoravi
986 3140 1037 3204 (sp.
1058 3141 1076 3191 8

86 3193 126 3252 llll·
141 3214 203 3267 vac.)
220 3207 305 3260 lauda
330 3218 381 3276 (sp,
397 3211 415 3261 4
434 3207 452 3262 l.
466 3211 503 3276 o.)
523 3207 559 3275 L,
582 3207 613 3260 in
634 3204 767 3276 phrigiis3
791 3205 992 3260 honoratorum
1014 3205 1077 3257 leu-

86 3263 142 3324 dant
157 3274 198 3345 Vl
212 3283 245 3331 23
263 3285 328 3333 onte
347 3277 492 3348 appetitus
512 3279 560 3349 lep.
579 3278 662 3333 huius
682 3276 757 3331 enim
775 3279 807 3331 in
822 3277 851 3345 O,
870 3277 949 3331 cuius
964 3279 995 3330 ln
1009 3274 1076 3341 PF,

85 3348 190 3401 moon
206 3356 244 3404 cst
261 3351 293 3403 in
308 3349 335 3404 L
346 3350 412 3404 VM
417 3351 450 3417 T,
467 3351 515 3405 sed
533 3349 612 3403 cuius
631 3349 695 3404 odd.
711 3350 742 3402 fn
760 3366 846 3419 scarp.
862 3348 900 3402 M
914 3354 940 3402 et
956 3363 976 3401 s.
993 3347 1009 3399 l.
1027 3346 1052 3398 T
1060 3347 1074 3399 ¹.

85 3415 167 3492 tlthiera
184 3420 284 3475 lacaena
301 3427 327 3475 ct
344 3421 425 3488 finem
444 3439 483 3491 cp.
498 3421 548 3476 IV
563 3427 588 3476 et
609 3421 722 3475 initium
745 3420 860 3475 alterius
877 3421 1004 3472 baustum
1022 3432 1076 3470 esse

84 3484 140 3540 odit
154 3488 325 3559 barjonam
337 3495 347 3560 ΙΙ
