2392 3854
124 158 167 222 92
477 156 587 211 LIBER
605 155 782 222 QUARTUS.

125 315 260 368 remanet
282 313 363 367 totus
385 314 525 386 totusque
549 306 735 367 transfertur.
782 305 862 366 unde
885 307 945 366 iam
967 323 1054 384 parce
1076 312 1133 367 tre-

125 397 228 476 pidare
248 396 344 475 deque
363 396 496 457 moribus
516 397 604 456 amici
622 393 791 475 plusculum
808 401 890 455 recto
906 413 992 456 secus
1007 394 1131 455 credere.

125 504 253 563 namque
277 488 309 546 in
331 485 388 545 hoc
411 486 488 547 facto
512 502 567 545 nos
590 486 684 563 magis
707 483 815 544 vulnus
840 482 946 563 polluit
969 482 1085 565 culpae,
1111 483 1133 542 si

127 575 214 635 feriat
237 577 315 635 ictus
338 575 476 636 invidiae.
512 573 584 635 vale.

582 798 687 865 XVII.

101 934 114 974 5
297 921 464 977 SIDONIUS
482 921 688 978 ARBOGASTI
708 920 777 977 SUO
796 919 976 978 SALUTEM.

197 1033 224 1097 1.
243 1034 430 1096 Eminentius
449 1038 562 1096 amicus
581 1043 659 1117 tuuS,
683 1035 802 1096 domine
821 1036 924 1116 maior,
943 1034 1051 1096 obtulit
1069 1033 1137 1094 mibi

128 1143 200 1204 quas
233 1127 297 1205 ipse
331 1125 449 1186 dictasti
480 1125 595 1186 litteras
625 1123 771 1185 litteratas
800 1131 829 1184 et
856 1125 969 1203 gratiae
998 1123 1137 1185 trifariam

128 1214 293 1275 renidentis
316 1214 398 1275 cultu
421 1215 555 1275 refertas,
593 1232 719 1293 quarum
742 1215 844 1292 utique
868 1215 1013 1274 virtutum
1035 1214 1139 1274 caritas

128 1305 224 1382 prima
248 1311 302 1384 est,
325 1321 400 1382 quae
424 1312 453 1364 te
477 1305 574 1382 coegit
597 1305 629 1362 in
651 1301 738 1362 nobis
762 1301 808 1362 rel
829 1304 999 1381 peregrinis
1021 1300 1067 1363 vel
1085 1303 1139 1362 iam

88 1415 114 1456 ιο
128 1391 220 1453 latere
244 1391 433 1471 cupientibus
456 1390 580 1453 humilia
603 1391 732 1472 dignari3
755 1399 819 1451 tum
841 1391 1035 1472 verecundia,
1059 1392 1140 1451 cuius

129 1483 273 1542 instinctu
296 1481 367 1541 dum
390 1483 528 1542 inmerito
548 1481 688 1560 trepidas,
711 1483 818 1541 merito
837 1480 1034 1562 praedicaris3
1058 1480 1142 1540 tertia

128 1569 291 1651 urbanitas,
315 1588 372 1648 qua
396 1577 425 1629 te
449 1571 576 1649 ineptire
600 1569 779 1629 facetissime
804 1568 912 1648 allegas
933 1576 964 1630 et
982 1567 1142 1640 Quirinalis

129 1657 268 1736 impletus
299 1658 379 1718 fonte
408 1658 562 1719 facundiae
590 1665 677 1737 potor
704 1656 841 1718 Mosellae
870 1657 1005 1718 Tiberim
1035 1664 1143 1736 ructas,

130 1749 173 1806 sic
200 1745 395 1807 barbarorum
423 1745 590 1828 familiaris,
618 1746 697 1826 qnod
725 1754 824 1807 tamen
852 1749 972 1807 nescius
995 1745 1143 1807 barbaris-

89 1853 255 1916 latinorum,
277 1853 331 1914 par
350 1834 476 1895 ducibus
496 1837 624 1915 antiquis
643 1835 744 1914 lingua
762 1853 921 1916 manuque,
945 1834 998 1895 sed
1018 1851 1144 1914 quorum

129 1924 250 1983 dextera
279 1922 392 1983 solebat
414 1941 474 1984 non
497 1923 597 1984 stilum
621 1927 719 1984 minus
742 1931 869 1985 tractare
893 1942 982 2002 quam
1006 1923 1143 2003 gladium.

130 2009 158 2072 2.
184 2013 323 2090 quocirca
343 2014 489 2072 sermonis
509 2030 617 2092 pompa
634 2011 769 2093 Romani,
792 2015 819 2073 si
838 2031 895 2093 qua
914 2013 1010 2074 adbuc
1029 2015 1145 2092 uspiam

130 2108 184 2181 est,
202 2099 330 2180 Belgicis
350 2099 420 2161 olim
440 2103 501 2162 sive
520 2101 670 2162 Rhenanis
690 2101 797 2162 abolita
816 2104 905 2162 terris
925 2103 1005 2162 inte
1024 2102 1147 2182 resedit,

130 2209 189 2270 quo
213 2188 259 2250 vel
281 2188 424 2250 incolumi
446 2189 493 2250 vel
515 2197 687 2270 perorante,
711 2193 768 2250 etsi
791 2190 868 2270 apud
892 2188 1018 2252 limitem
1041 2189 1145 2251 Latina

90 2304 116 2344 ao
130 2283 195 2340 iura
219 2279 400 2360 ceciderunt,
422 2278 511 2340 verba
534 2298 593 2341 non
616 2278 752 2340 titubant.
795 2287 976 2359 quapropter
999 2278 1146 2341 alternum

131 2368 209 2429 salve
233 2368 400 2447 rependens
420 2369 571 2447 granditer
589 2367 683 2429 laetor
707 2368 804 2429 saltim
827 2371 858 2427 in
881 2367 1002 2429 inlustri
1025 2376 1146 2447 pectore

130 2464 182 2517 tuo
209 2459 432 2518 vanescentium
459 2457 625 2518 litterarum
653 2459 832 2518 remansisse
855 2459 993 2538 vestigia,
1021 2458 1147 2542 quaesi

131 2546 281 2626 frequenti
309 2545 436 2607 lectione
464 2549 635 2629 continuas,
663 2549 818 2625 experiere
846 2564 900 2625 per
928 2546 1007 2627 dies,
1035 2552 1146 2626 quanto

131 2634 312 2696 antecellunt
340 2635 437 2696 beluis
464 2635 614 2717 homines,
641 2642 723 2695 tanto
752 2636 894 2695 anteferri
916 2637 1037 2695 rusticis
1062 2636 1146 2696 insti·

92 2746 117 2787 aa
132 2731 220 2784 tutos.
258 2721 287 2785 3.
311 2724 348 2784 de
371 2726 487 2804 paginis
511 2743 581 2784 sane
606 2723 685 2804 qnod
709 2722 892 2802 spiritalibus
915 2725 960 2784 vis
983 2732 1017 2784 ut
1035 2721 1147 2803 aliquid

131 2813 281 2891 interpres
314 2812 466 2892 improbus
500 2815 640 2895 garriam,
672 2814 781 2872 iustius
812 2812 885 2873 haec
915 2811 1105 2891 postulantur
1132 2830 1148 2872 a

133 2900 335 2960 sacerdotibus
359 2900 424 2961 loco
447 2904 624 2981 propinquis
648 2909 742 2961 aetate
765 2901 954 2982 grandaeviS,
977 2901 1034 2961 fide
1060 2901 1148 2962 claris

132 3006 222 3067 opere
246 2988 381 3071 vulgatis,
405 3008 455 3051 ore
479 2992 625 3070 promptis
648 2992 790 3051 memoria
810 2989 973 3072 tenacibus,
997 2993 1079 3050 omni
1097 2990 1146 3050 de-

206 3166 222 3214 1·
239 3161 317 3214 totus
331 3161 466 3230 totusque
481 3161 552 3230 LN,
569 3162 616 3217 aed
633 3162 678 3216 bic
695 3162 743 3226 alt.
763 3163 840 3216 totus
855 3178 915 3231 cap.
930 3167 956 3216 ct
974 3176 1029 3228 que
1047 3162 1080 3216 io
1098 3157 1147 3228 qui

132 3248 212 3298 cora,
229 3233 306 3285 totus
326 3230 376 3299 qni
395 3235 458 3300 (om.
477 3234 525 3289 alt.
544 3234 633 3297 totus)
653 3234 691 3286 M
694 3233 745 3288 GT
761 3235 770 3301 ΙΙ
789 3237 805 3285 5
823 3235 906 3288 inser.
926 3249 976 3287 om.
996 3233 1024 3286 L
1039 3235 1044 3300 Ι
1061 3230 1147 3285 Arbo-

132 3303 210 3373 gasti
227 3302 387 3371 Marcoman,
414 3303 556 3374 arvogasti
577 3304 653 3369 ΜΤ,
682 3305 833 3373 arvagasto
862 3305 921 3370 (alt.
947 3319 964 3356 a
986 3320 1056 3358 corr.
1080 3305 1145 3357 iao

134 3374 231 3446 0¹)0l
247 3381 279 3429 16
298 3373 399 3427 dextra
416 3375 452 3428 M
459 3375 482 3430 G
496 3378 506 3444 ΙΙ
526 3380 558 3429 18
578 3374 649 3446 sive]
670 3392 719 3429 seu
740 3376 787 3444 Ol
808 3380 839 3427 19
854 3381 919 3444 post
937 3372 1059 3428 limitem
1082 3372 1145 3428 add.

128 3445 224 3514 ipsum
245 3446 308 3502 oc
325 3461 345 3500 a.
366 3445 382 3499 l.
404 3445 458 3515 M¹‚
479 3463 543 3500 enm
564 3447 596 3515 T,
618 3463 668 3502 om.
683 3446 750 3500 LN
767 3449 777 3516 f
799 3451 833 3499 22
853 3462 909 3514 qna
929 3445 969 3514 0¹,
993 3461 1065 3513 quas
1084 3444 1144 3512 c¹t

117 3522 153 3569 24
173 3517 356 3575 antecedant
377 3515 421 3589 Ul}
435 3523 469 3574 26
488 3518 709 3590 postulabuntur
727 3517 777 3587 <bn
794 3533 815 3572 a.
834 3517 852 3571 t.
870 3517 934 3572 odd.
955 3515 1059 3585 M¹)M
1068 3519 1077 3586 l
