2414 3864
164 162 227 228 176
517 160 626 216 LIBER
645 158 818 216 OCTAVUS.

161 312 287 393 cumbis,
310 310 430 372 difficile
454 310 643 392 discernitur,
666 309 779 371 domini
801 309 908 390 plusne
932 313 973 371 sit
993 310 1100 373 cultum
1115 325 1154 370 ros

162 420 199 463 an
222 403 382 480 ingenium.
429 397 458 461 2.
482 400 573 477 igitur
599 398 718 480 hictu,
746 405 889 478 quantum
917 400 1072 481 recordor,
1097 401 1154 460 citos

162 490 289 572 iambos,
321 489 420 568 elegos
452 495 555 548 acutos
587 506 621 548 ac
652 489 827 548 rotundatos
856 487 1113 569 hendecasyllabos
1133 493 1155 546 et

163 587 262 641 cetera
281 580 411 639 carmina
430 578 560 637 musicos
578 576 669 637 flores
686 578 879 656 thymumque
901 577 1075 660 redolentia,
1095 593 1154 639 nuno

134 687 148 728 s
163 666 405 730 Narbonensibus
425 666 601 747 cantitanda,
619 684 699 726 nunc
717 665 949 747 biterrensibus,
969 666 1154 746 ambigendum

162 757 290 819 celerius
314 775 351 817 an
372 754 526 835 pulchrius
550 754 740 835 elucubrasti,
763 755 840 834 apud
864 773 1030 834 aequaevos
1053 757 1154 834 gratiam

161 855 252 927 tuam,
275 846 382 906 famam
404 844 481 922 apud
501 850 638 923 posteros
657 844 859 924 ampliaturus.
897 851 980 905 certe
999 846 1080 927 mihi,
1101 860 1153 923 qoo-

161 938 240 995 tiens
272 936 317 994 tui
348 950 451 992 versus
484 952 500 993 a
528 933 729 994 meditationis
756 933 864 993 incude
897 940 1050 1013 tamquam
1080 933 1153 994 adhoc

162 1023 250 1084 calidi
264 1020 481 1102 deferebantur,
501 1024 544 1082 sic
563 1021 726 1104 videbatur,
745 1024 804 1102 qui,
823 1024 882 1083 etsi
900 1040 961 1083 non
978 1022 1055 1085 benc
1069 1020 1153 1097 scribo,

123 1111 239 1173 robcne
261 1111 369 1172 iudico.
415 1108 445 1171 3.
469 1111 535 1192 sed,
563 1111 642 1189 quod
670 1111 821 1172 latendum
849 1118 907 1193 est,
937 1111 1048 1173 talibus
1070 1109 1153 1172 studiis

163 1203 294 1262 anterior
317 1207 396 1261 aetas
420 1201 497 1260 iuste
520 1200 641 1260 vacabat
665 1218 726 1280 scu,
750 1200 829 1279 quod
853 1207 898 1261 est
919 1202 1030 1282 verius,
1053 1215 1151 1276 occupa·

162 1290 263 1371 batur3
286 1288 374 1349 modo
397 1296 515 1368 tempus
535 1296 581 1349 est
600 1291 677 1349 seria
696 1288 763 1370 legi,
787 1291 864 1349 seria
883 1289 976 1350 scribi
995 1290 1089 1369 deque
1104 1302 1152 1367 per·

162 1386 251 1460 petua
275 1381 334 1439 vita
356 1379 456 1457 potius
480 1396 568 1456 quam
591 1380 734 1438 memoria
761 1380 885 1456 cogitari
907 1381 1091 1458 nimiumque
1109 1391 1152 1435 me·

163 1471 286 1529 minisse
319 1475 421 1527 nostra
457 1473 524 1544 post
560 1474 687 1527 mortem
723 1485 783 1527 non
820 1467 962 1545 opuscula
999 1468 1051 1528 sed
1087 1478 1152 1545 opera

124 1575 150 1616 15
163 1556 323 1637 pensanda.
369 1554 398 1616 4.
423 1573 497 1633 quae
527 1555 647 1634 quidem
674 1556 710 1616 ad
738 1574 880 1635 praesens
907 1574 969 1616 non
996 1559 1039 1617 ita
1064 1556 1152 1634 loquor,

164 1647 251 1725 quasi
281 1652 314 1706 tu
344 1662 404 1704 non
433 1651 558 1722 utraque
588 1643 732 1705 laudanda
765 1646 905 1706 conficias
933 1654 997 1727 aut,
1030 1648 1056 1705 si
1081 1642 1153 1705 adhuc

165 1736 252 1796 durat
274 1736 306 1794 in
329 1751 466 1794 sermone
489 1731 609 1815 laetitia,
632 1751 692 1793 non
716 1735 900 1795 custodiatur
923 1737 954 1794 in
974 1737 1087 1795 actione
1103 1745 1152 1792 ceo-

165 1841 248 1905 sura,
280 1822 332 1883 sed
360 1828 406 1904 ut,
439 1823 490 1900 qui
513 1821 630 1883 Christo
659 1822 774 1883 favente
797 1822 873 1884 clam
897 1830 1018 1885 sanctus
1042 1841 1086 1903 es,
1111 1821 1153 1878 ian

164 1910 261 1991 palam
289 1910 427 1989 religiosa
454 1910 639 1972 venerandus
671 1914 740 1990 iugo
769 1911 880 1972 salubri
907 1911 983 1972 colla
1010 1914 1113 1992 pariter
1133 1910 1153 1964 el

125 2020 152 2059 so
166 1999 256 2060 corda
284 1997 411 2060 subdare
438 2000 630 2078 invigiletque
663 1999 840 2061 caelestibus
870 2000 971 2079 lingua
1003 1996 1153 2080 praeconiis,

166 2091 264 2150 anima
287 2089 452 2168 sententiis,
476 2087 578 2148 dextra
602 2088 746 2150 donariis:
769 2092 928 2169 praecipue
951 2097 1054 2151 tamen
1076 2090 1154 2148 dextra

166 2179 310 2283 donariiS,
338 2178 407 2256 quia
431 2177 571 2255 quicquid
595 2176 730 2238 ecclesiis
754 2181 881 2259 spargis,
908 2177 964 2238 tibi
988 2178 1108 2258 colligis3
1128 2167 1154 2231 ad

167 2270 251 2329 cuius
283 2267 425 2326 exercitia
456 2267 574 2326 virtutis
603 2265 676 2327 illud
705 2266 751 2326 vel
780 2266 987 2346 principaliter
1014 2275 1044 2328 te
1070 2260 1154 2347 poterit

167 2356 342 2436 accendere,
374 2353 452 2433 quod
479 2356 558 2414 inter
588 2373 660 2458 opes
689 2355 836 2434 quaslibet
861 2358 966 2438 positi,
1001 2375 1073 2436 quae
1098 2353 1155 2414 bont

125 2463 152 2504 aa
167 2445 246 2507 stult
226 2446 302 2507 trsl
288 2443 360 2505 falso
383 2450 540 2523 vocantur,
573 2445 600 2503 si
623 2444 694 2522 quid
722 2447 849 2526 agimus,
881 2453 949 2507 nost
950 2464 1027 2528 rum,
1059 2447 1083 2506 si
1103 2432 1155 2520 quld

165 2533 318 2615 habemus,
341 2531 539 2593 alienumt
494 2539 547 2592 est.
584 2532 656 2593 vale

655 2775 694 2841 V.

334 2897 502 2953 SIDONIUS
521 2897 730 2952 FORTUNALI
749 2897 817 2954 SUO
836 2898 1016 2955 SALUTEM.

236 3009 264 3072 1.
292 3010 352 3071 Ibis
380 3019 410 3073 et
432 3019 465 3073 tu
493 3013 524 3071 in
550 3013 673 3091 paginas
701 3018 830 3094 nostras,
860 3014 1008 3074 amicitiae
1037 3012 1161 3074 colonen,

167 3099 349 3181 Fortunalis,
381 3100 587 3161 Hibericarum
616 3100 707 3162 decus
734 3100 859 3162 inlustre
883 3103 1053 3183 regionum3
1084 3101 1164 3172 neque

127 3209 154 3249 eo
169 3191 248 3250 enim
271 3188 327 3248 tibi
349 3189 533 3251 familiaritas
556 3198 617 3250 tam
639 3209 728 3269 parva
752 3209 819 3251 cum
846 3190 880 3251 lit
881 3193 968 3272 te,ris
996 3198 1030 3252 ut
1052 3208 1105 3270 per
1124 3183 1169 3242 has

240 3376 322 3432 ahio
341 3377 429 3450 igitur
449 3379 473 3434 0
483 3382 522 3450 [13
541 3380 684 3433 cohercet
700 3381 834 3449 Lssissp
836 3377 1013 3449 rincipeliter
1030 3381 1060 3434 te
1078 3351 1192 3474 NMC3

162 3447 499 3580 rllrblcllcbballibeblbcturbe
499 3397 926 3594 )ρέηοὶζὲὶῖξέξᾶι1ιίὶξὲῐέὶξᾶε
929 3451 1105 3593 qfccqqdiltq
1123 3423 1192 3505 3'3
