2414 3864
145 160 213 245 154,
301 198 305 207 .
490 160 599 215 amun
617 160 803 216 summus,

143 311 257 372 tillasve
289 309 552 371 controversalium
583 294 781 372 clarrsularum
813 308 901 371 libuit
932 308 1039 390 aptari
1090 328 1153 371 nam

144 418 212 460 cum
241 417 289 460 me
321 401 451 479 partium
480 399 641 460 seditiones
669 398 766 461 studia
793 400 951 460 varietates
979 401 1012 461 in
1037 399 1149 460 diversa

143 496 308 570 raptarent,
336 491 379 549 sic
406 488 537 548 dictandi
564 488 638 548 mihi
660 490 814 549 materiam
837 486 1017 571 suggerebat
1039 489 1149 568 iniuria,

144 578 222 657 quod
254 585 372 658 tempus
404 579 557 656 occupatio
591 573 789 638 subtrahebat.
840 578 951 637 etenim
983 583 1066 638 tanta
1093 583 1149 638 erat

117 666 230 728 oturba
257 668 496 747 competitorum,
528 673 561 726 ut
592 665 747 727 cathedrae
774 667 864 726 unius
892 667 1146 727 numerosissimos
1195 712 1197 727 .

143 755 314 817 candidatos
346 772 402 815 nec
434 755 491 815 duo
519 757 653 834 recipere
682 773 800 815 scamna
825 756 1004 834 potuissent.
1055 770 1160 815 omnes·

143 843 298 924 placebant
329 843 400 924 sibi,
433 862 535 904 omnes
567 843 706 904 omnibus
737 842 942 922 displicebant
998 841 1029 907 3.
1060 858 1144 922 nequo

32 990 37 999 ,
144 932 251 1010 [enim]
284 932 479 994 valuissemus
511 931 620 1012 aliquid
653 932 685 992 in
712 949 868 994 commune
896 932 1068 1014 consulere,
1096 932 1143 992 nisi

143 1021 248 1082 iudicii
267 1023 314 1081 sui
331 1022 443 1081 faciens
461 1021 545 1100 plebs
560 1021 649 1082 lenita
663 1024 807 1082 iacturam
822 1020 1000 1082 sacerdotali
1013 1039 1046 1082 se
1058 1022 1140 1101 potin

104 1137 130 1176 ro
143 1110 253 1171 iudicio
281 1109 475 1190 subdidisset,
501 1109 743 1189 presbyterorum
772 1127 841 1170 sane
869 1110 974 1188 paucis
998 1109 1139 1190 angulatim

143 1198 405 1280 fringultientibus,
428 1217 517 1279 porro
541 1206 640 1259 autem
662 1197 758 1278 palam
780 1216 818 1259 ne
840 1198 1068 1261 mussitantibus
1089 1197 1137 1278 qui·

144 1289 220 1370 dem,
240 1290 308 1368 quia
326 1287 461 1367 plerique
480 1305 540 1348 non
559 1290 658 1348 minus
677 1306 764 1348 suum
782 1304 870 1367 quam
888 1286 1023 1366 reliquos
1037 1286 1136 1349 ordines

143 1377 400 1457 pertimescebant.
446 1379 549 1457 igitur,
575 1377 645 1437 dum
667 1374 786 1456 publice
809 1381 888 1436 totos
901 1377 1023 1456 'singuli
1045 1379 1136 1451 cavent,

143 1467 253 1528 iactum
271 1473 326 1546 est,
344 1472 378 1526 ut
397 1484 499 1525 omnes
518 1483 578 1525 non
597 1472 790 1544 aspernanter
808 1465 955 1546 audirent,
976 1465 1054 1545 quod
1071 1463 1134 1524 dein·

105 1578 131 1620 1o
144 1573 214 1634 ceps
238 1555 402 1615 ambienter
424 1561 615 1633 exponerent.
651 1550 682 1614 4.
700 1555 800 1633 itaque
822 1555 962 1633 paginam
985 1572 1066 1616 sume
1083 1548 1134 1613 snb

144 1644 214 1704 ditis
241 1642 439 1704 voluminibus
466 1643 647 1724 adiunctam,
675 1660 763 1721 quam
791 1641 905 1703 duabus
931 1643 1042 1722 vigiliis
1065 1641 1134 1703 unios

143 1734 240 1794 noctis
263 1734 389 1793 aestivae
408 1731 526 1793 Christo
548 1739 625 1792 teste
648 1731 787 1793 dictatam
809 1730 973 1810 plurimum
995 1749 1094 1793 vereor
1107 1741 1133 1787 nc

144 1823 202 1899 ipsi
225 1820 350 1899 amplius
374 1818 507 1901 lectioni,
535 1839 609 1901 quae
632 1819 688 1881 hoo
711 1820 748 1880 de
773 1838 804 1880 se
827 1819 947 1901 probat,
971 1839 1059 1900 quam
1078 1812 1134 1879 mihi

144 1909 256 1970 credas.
292 1926 406 1968 memor
429 1912 524 1970 nostri
547 1927 613 1970 esse
637 1909 913 1990 dignare,.domine
936 1927 1026 1990 papa.

103 2129 130 2169 20
577 2088 721 2171 conum.

143 2225 173 2289 5.
196 2227 298 2289 Refert
320 2229 444 2290 historia
467 2229 640 2310 saecularis,
668 2228 867 2308 dilectissimi,
890 2228 1040 2307 quendam
1061 2224 1139 2308 philo

55 2318 65 2335 ⁶
144 2318 304 2396 sophorum
328 2318 481 2398 discipulis
501 2317 725 2401 advenientibus
744 2319 828 2396 prius
846 2317 966 2377 tacendi
983 2318 1142 2397 patientiam
1195 2382 1197 2399 Ι

144 2425 231 2485 quam
262 2406 403 2486 loquendi
434 2414 616 2468 monstrasse
648 2406 813 2467 doctrinam
846 2412 875 2466 et
906 2407 951 2466 sic
978 2408 1144 2485 incipientes

144 2513 278 2574 quosque
301 2498 380 2556 inter
403 2497 616 2575 disputantium
635 2486 898 2556 consectaneorum
917 2493 1074 2556 cathedras
1090 2508 1147 2555 mu·

103 2608 130 2647 aa
143 2590 206 2643 tum
227 2586 404 2645 sustinuisse
424 2587 669 2665 quinquennium,
691 2591 724 2644 ut
743 2586 832 2644 etiam
851 2582 997 2644 celeriora
1016 2598 1150 2663 quorum

143 2675 222 2750 piam
240 2675 359 2751 ingenia
377 2692 437 2734 non
456 2674 560 2735 liceret
579 2680 645 2734 ante
662 2672 776 2733 laudari
790 2690 878 2751 quam
893 2672 1015 2733 deceret
1028 2669 1151 2752 agnosci·

143 2763 183 2820 ita
210 2761 311 2842 tiebat,
339 2754 377 2823 ut'
400 2763 520 2823 eosdem
547 2769 615 2841 post
642 2760 759 2839 longam
785 2762 1019 2822 taciturnitatem
1041 2760 1155 2823 locutos

144 2851 269 2929 quisque
288 2850 390 2911 audire
406 2858 552 2932 coeperat,
571 2870 630 2911 non
647 2857 774 2930 taceret3
793 2852 871 2931 quia,
890 2850 985 2910 donec
1000 2851 1156 2911 scientiam

143 2943 248 2998 natura
272 2938 452 3021 combiberit,
480 2958 540 3001 non
564 2942 657 3000 maior
681 2945 727 3000 est
749 2938 843 3018 gloria
866 2938 976 2999 dixisse
1002 2939 1082 3018 quod
1104 2957 1158 2999 no¹

68 3079 73 3089 .
103 3027 222 3088 noveris
239 3045 327 3105 quam
345 3027 462 3090 siluisse
483 3029 561 3108 quod
575 3030 699 3089 nescias
736 3025 764 3089 6.
785 3033 814 3088 at
827 3045 906 3088 nuno
920 3026 1161 3089 mediocritatem

40 3162 46 3173 .
143 3131 240 3174 meam
268 3124 367 3177 manet
393 3116 480 3197 longe
508 3117 623 3178 diversa
650 3117 798 3197 condicio,
826 3117 874 3177 oui
898 3133 954 3196 per
976 3118 1162 3197 suspiriosas

215 3307 231 3357 8
250 3302 325 3357 onim
344 3321 394 3360 om.
413 3306 447 3374 V,
464 3322 485 3361 a.
505 3306 522 3361 l.
541 3306 606 3361 odd,
620 3305 677 3374 M1,
699 3306 808 3361 accludit
824 3304 1003 3375 hoetjobom
1024 3308 1092 3376 115
1111 3321 1163 3361 ex*

142 3376 281 3443 ponerent
298 3375 397 3442 Nor,
422 3379 585 3458 expeterent
602 3377 713 3445 nun,
735 3395 792 3432 aar.
812 3378 884 3444 ua,
907 3378 990 3447 aum
1012 3393 1034 3433 a.
1054 3377 1073 3434 1.
1091 3364 1165 3433 aaa.

143 3446 198 3514 Μ’,
217 3463 285 3503 eros.
300 3446 348 3500 Ml
361 3449 371 3518 ΙΙ
384 3453 419 3501 24
437 3447 632 3518 duputantum
648 3449 673 3502 Τ
681 3452 695 3519 q
707 3452 741 3501 27
756 3464 804 3503 eos
819 3449 864 3518 Oi
877 3453 912 3502 28
925 3448 1048 3521 taceret]
1062 3449 1165 3504 teucro

128 3516 264 3586 placeret
280 3518 462 3592 Momomeoi
