2392 3854
118 136 184 201 276
512 135 665 192 CARMEN
683 137 742 193 VH.

253 286 375 346 Arctoas
399 288 476 346 sueti
499 285 630 346 lambere
654 286 733 347 calce
756 294 846 348 rotas.

187 374 353 436 Enceladus
376 377 454 454 patri
476 377 567 436 iacuit
590 375 733 455 fratrique
747 376 920 455 Typhoeus:

180 544 181 547 Ἴ
253 463 414 525 Euboicam
436 464 485 524 hic
508 482 613 543 rupem
636 466 777 546 sustinet,
799 465 849 526 hic
873 456 1013 526 Siculam'

186 553 256 614 hinc
280 572 346 614 sose
370 553 405 613 ad
428 560 520 613 totam
544 555 726 631 genetricem
747 553 901 615 transtulit
922 546 1069 633 OrphcrlS

133 654 167 703 30
253 650 283 702 et
306 642 407 703 docuit
431 641 555 702 chordas
579 642 679 703 dicere
703 642 874 722 Calliopam.

188 738 417 792 assurrexerunt
439 729 539 792 Musae
563 731 618 791 sub
642 730 728 791 laude
752 734 864 792 sororis

255 827 284 880 et
306 819 418 899 placuit
441 819 524 879 divae
549 822 680 880 carmine
704 819 770 899 plus
793 822 898 900 pietas,

188 909 267 988 quod
291 911 317 969 si
340 915 489 968 maternas
513 907 615 969 laudes
639 915 773 970 cantasse
797 909 891 969 favori
915 916 985 970 cst¹

254 1016 309 1058 nec
333 996 416 1058 valeo
439 999 554 1076 priscas
578 999 772 1078 aequiperare
795 998 869 1058 fides
875 1045 885 1079 ,

135 1099 168 1146 ao
188 1085 325 1165 publicus
348 1086 397 1147 hic
420 1092 504 1164 pater
527 1093 582 1168 est,
605 1089 671 1147 vovi
694 1089 743 1147 cui
766 1104 901 1168 carmen,
924 1087 1030 1147 Avitus:

255 1177 379 1236 materia
403 1181 449 1235 est
472 1176 579 1256 maior,
603 1177 629 1236 si
651 1175 726 1236 mihi
748 1174 831 1237 Musa
854 1177 960 1236 minor.

592 1400 665 1467 VII.

499 1521 762 1580 PANEGYRIOUS.

256 1637 390 1718 Phoebe,
413 1644 568 1717 peragrato
592 1637 710 1697 tandem
734 1641 852 1699 visurus
876 1641 908 1699 in
931 1637 1014 1717 orbe,

213 1744 301 1804 quem
324 1729 422 1805 possis
445 1727 578 1806 perferre
601 1744 718 1808 parem,
741 1726 778 1788 da
800 1726 913 1789 lumina
936 1726 1027 1788 caelo:

213 1815 323 1875 sufficit
345 1815 395 1876 hic
417 1817 516 1876 terris.
563 1833 618 1875 nce
642 1833 674 1875 se
697 1816 755 1876 iam
779 1817 903 1895 signifer
926 1817 1014 1877 astris

211 1905 312 1983 iactet,
334 1903 526 1965 Marmaricus
550 1922 640 1982 quem
662 1907 773 1966 vertice
797 1907 924 1966 conterit
948 1904 1047 1966 Atlans
1066 1909 1091 1952 Ξ

178 1991 311 2052 asidera
336 1999 404 2052 sunt
428 1994 486 2051 isti.
533 2011 608 2070 quae
633 1994 710 2053 sicut
732 2012 830 2054 mersa
852 1996 1016 2075 nitescunt,

211 2080 343 2140 adversis
367 2082 410 2141 sic
432 2080 525 2140 Roma
548 2083 650 2162 micat,
673 2084 722 2142 cui
744 2083 821 2143 fixus
844 2082 881 2143 ah
905 2090 974 2143 ortu

212 2169 284 2229 ordo
308 2171 365 2229 luit
387 2171 515 2230 crevisse
539 2169 633 2230 mahs.
679 2171 766 2231 modo
789 2174 925 2251 principe
949 2177 1050 2250 surget

213 2259 350 2340 consule3
373 2276 492 2339 nempe,
515 2265 628 2340 patres,
652 2259 773 2320 collatos
797 2279 921 2322 cernere
944 2261 1039 2321 fasces

212 2366 264 2407 vos
287 2350 367 2408 iuvat
390 2354 420 2408 et
443 2349 553 2408 sociam
577 2350 703 2428 sceptris
726 2349 883 2410 mandasse
907 2348 1057 2410 curulem:

161 2450 193 2496 to
213 2437 338 2519 credite,
361 2436 428 2516 plus
452 2436 574 2497 dabitis:
599 2455 714 2498 currus.
760 2440 818 2498 iam
842 2445 928 2500 necte
952 2437 1092 2498 bifronte
1106 2416 1163 2478 9²

213 2545 320 2606 anceps
343 2526 425 2606 lane,
448 2544 547 2587 comas
571 2525 740 2605 duplicique
763 2529 919 2606 accingere
942 2526 1034 2588 lauro.

211 2617 356 2695 principis
380 2617 524 2695 anterior,
547 2616 605 2674 iam
629 2615 759 2675 consulis
782 2617 839 2676 iste
863 2623 1000 2677 coruscat

213 2723 321 2785 annue,
344 2711 374 2764 et
398 2705 520 2764 emerita
542 2701 652 2762 trabeis
677 2703 840 2765 diademata
863 2712 1011 2766 crescunt.

213 2796 363 2854 incassum
386 2795 458 2873 iam,
481 2790 576 2871 Musa,
599 2809 702 2872 paves,
726 2793 805 2872 quod
828 2793 960 2873 propulit
982 2793 1083 2854 Auster

162 2893 194 2940 15
213 2882 277 2942 vela
299 2885 372 2943 ratis
395 2889 526 2960 nostrae3
549 2878 652 2958 pelago
677 2884 746 2959 quia
769 2900 891 2943 currere
915 2883 1010 2944 lamae

214 2974 379 3051 coepimus,
403 2989 440 3032 en
464 2969 560 3050 sidus,
584 2969 663 3047 quod
686 2987 741 3031 nos
764 2989 818 3050 per
841 2971 960 3032 caerula
984 2972 1080 3032 servet.
1151 3038 1156 3052 .

259 3059 346 3120 Forte
370 3069 454 3140 pater
478 3076 620 3138 superum
643 3061 796 3139 prospexit
820 3059 856 3120 ab
881 3060 1007 3121 aethere
1029 3040 1156 3119 terrffi·

155 3147 158 3152 ’
216 3165 285 3208 ecce
308 3151 403 3230 viget,
427 3149 633 3229 quodcumque
657 3148 750 3229 videt3
773 3148 918 3209 mundum
941 3161 1084 3229 reparasse

217 3238 366 3314 aspexisse
390 3240 459 3320 luit3
483 3237 563 3298 solus
587 3238 666 3298 fovet
689 3239 786 3298 omnia
810 3243 909 3299 nutus.

199 3425 238 3479 vr
257 3430 290 3478 aa
311 3425 373 3505 aaa
390 3427 432 3481 ter
450 3425 507 3480 nm
528 3427 609 3482 murt
626 3427 825 3508 mpoaaenp
844 3430 878 3481 ao
898 3425 994 3482 aeaut
1010 3386 1158 3481 mars

122 3497 137 3569 l?
156 3497 209 3553 Vll
227 3502 243 3552 7
262 3497 354 3567 surgit
372 3498 409 3552 M
428 3500 439 3569 lt
461 3503 495 3552 13
514 3514 564 3553 om.
581 3499 617 3551 M
636 3501 648 3568 u
668 3497 894 3566 14protu11tll1
915 3501 925 3568 ΙΙ
