2414 3864
263 132 432 210 smoums
450 152 603 210 nomnro
624 153 692 210 suo
712 154 890 211 onumen.
1038 156 1082 221 43

50 319 184 366 eramus
214 298 285 388 (hoc
312 306 366 365 uni
392 304 514 384 praedio
544 298 682 388 nomen),
710 305 746 366 ad
770 309 901 366 sarcinas
925 313 955 366 et
979 306 1082 368 dever-

56 397 178 454 sorium
206 393 314 473 pedem
337 393 553 475 referebamus3
582 396 608 454 si
630 393 768 455 Prusiani
792 389 850 479 (sic
873 395 983 456 fundus
1007 395 1082 457 alter

60 476 317 566 nuncupabatur),
330 481 508 543 Tonantium
518 501 584 544 cum
600 481 751 565 fratribus
766 483 945 545 lectissimos
955 503 1080 564 aequae-

64 584 168 633 rorum
187 571 334 633 nobilium
352 573 513 655 principes,
533 574 634 633 stratis
654 575 716 634 suis
731 573 921 654 eiciebamus,
941 576 1010 652 quia
1023 593 1080 635 nec
1145 643 1149 650 ,

68 655 149 722 lacile
173 660 280 722 crebro
304 660 446 722 cubilium
469 668 641 722 nostrorum
666 663 864 724 instrumenta
888 663 1079 724 circumfere—
1106 685 1120 728 o

10 750 13 819 s
72 742 180 811 bantur
218 768 345 811 excusso
368 757 488 829 torpore
510 751 674 811 meridiano
693 751 845 831 paulisper
864 751 1080 835 equitabamus,

10 846 20 905 ,t
77 851 123 913 quo
146 839 263 900 facilius
286 846 406 918 pectora
430 839 560 900 marcida
584 839 659 900 cibis
679 842 845 901 cenatoriae
864 841 936 900 sami
954 860 1078 902 exacue-

10 908 16 1011 l
78 939 172 989 remus.
219 927 249 990 8.
280 927 401 988 balneas
428 927 556 989 habebat
577 931 609 989 in
633 947 722 1008 opere
746 937 872 1008 uterque
896 930 1018 1011 hospes,
1047 933 1078 992 in

10 1022 12 1041 ²
80 1029 123 1076 usu
143 1024 262 1098 neuter;
287 1017 338 1077 sed
363 1035 430 1077 cum
453 1017 499 1078 vel
516 1017 711 1096 pauxillulum
730 1018 833 1079 bibere
853 1018 980 1079 desisset
998 1039 1077 1081 asse·

77 1103 197 1167 culamm
219 1124 356 1167 meorum
383 1106 620 1186 famulorumque
643 1105 730 1167 turha
754 1109 923 1189 conpotrix,
950 1127 1078 1188 quorum
1092 1133 1118 1172 10

73 1193 196 1256 cerebris
227 1194 390 1274 hospitales
423 1202 571 1256 creterrae
604 1197 729 1257 nimium
762 1199 909 1256 inmersae
944 1197 1077 1259 domina·

68 1272 184 1365 bantur,
211 1286 308 1344 vicina
337 1284 412 1344 lonti
440 1292 491 1345 aut
517 1285 607 1345 fluvio
631 1287 739 1364 raptim
763 1285 877 1346 scrobis
900 1285 1077 1368 fodiebatur,

64 1362 99 1425 1'11
124 1391 206 1452 quam
230 1373 306 1434 forte
330 1391 398 1433 cum
421 1372 553 1453 lapidum
577 1373 712 1435 cumulus
732 1373 886 1434 ambustus
906 1374 1077 1436 demittere-

58 1455 126 1540 tur,
146 1470 228 1523 antro
252 1465 284 1522 in
307 1461 519 1542 hemisphaerii
547 1463 672 1523 sormam
696 1463 803 1543 corylis
827 1462 1007 1524 flexibilibus
1031 1466 1076 1525 in-

55 1541 145 1633 §exto
166 1551 246 1612 fossa
268 1551 461 1612 inardescens
485 1551 690 1634 operiebatur,
714 1554 757 1613 sic
780 1559 892 1632 tamen,
915 1561 948 1612 ut
972 1571 1116 1633 super-15

54 1636 148 1699 lectis
175 1639 302 1701 Cilicum
333 1640 407 1700 velis
439 1643 570 1720 patentia
602 1641 756 1701 intervalla
785 1643 934 1720 virgarum
962 1640 1074 1704 lumine

58 1726 182 1789 excluso
210 1729 452 1811 tenebrarentur,
479 1748 619 1809 vaporem
646 1729 803 1810 repulsura
826 1730 995 1812 salientem,
1023 1734 1074 1811 qui

57 1812 157 1878 lludae
190 1818 334 1878 ferventis
365 1820 521 1898 aspergine
554 1819 711 1880 flammatis
742 1818 875 1880 silicibus
908 1820 1073 1882 excuditur.

58 1884 94 1958 9.
119 1904 165 1967 hic
198 1906 284 1967 nobis
314 1907 507 1968 trahebantur
538 1908 628 1969 horae
658 1927 717 1968 non
746 1907 857 1988 absque
886 1910 1073 1971 sermonibus
1154 1904 1156 1910 ’

64 1991 145 2055 salsis
170 1994 424 2077 iocularibusque3
453 2015 527 2076 quos
550 2000 629 2057 inter
651 1997 745 2058 halitu
767 1996 894 2058 nebulae
918 1999 1072 2061 stridentis
1086 2022 1113 2063 eo

67 2083 186 2162 oppletis
209 2084 408 2164 involutisque
433 2084 647 2147 saluberrimus
676 2085 767 2146 sudor
790 2086 977 2168 eliciebatnr3
1006 2107 1073 2170 quo,

70 2180 150 2243 prout
172 2172 324 2254 libuisset,
348 2175 442 2234 effuso
466 2174 622 2236 coctilibus
646 2177 731 2255 aquis
755 2175 978 2256 ingerebamur,
1002 2197 1073 2256 qua-

67 2273 185 2341 rumque
209 2263 272 2323 fotu
296 2262 472 2324 cruditatem
491 2272 623 2324 nostram
642 2271 777 2343 tergente
796 2264 920 2325 resoluti
939 2273 989 2325 aut
1009 2266 1072 2326 fon·

65 2353 125 2411 lano
150 2351 292 2432 deinceps
321 2352 432 2430 frigore
454 2353 625 2433 putealique
648 2362 698 2414 aut
721 2353 839 2437 fluviali
856 2356 941 2432 copia
965 2354 1071 2416 solida-

61 2433 174 2501 bamur:
204 2440 352 2520 siquidcm
380 2440 517 2503 domibus
545 2442 660 2503 medius
689 2445 712 2503 it
738 2442 834 2504 Vardo
862 2442 985 2525 fluviuS,
1012 2447 1072 2505 nisi
1087 2465 1112 2507 so

59 2546 123 2590 cum
154 2529 253 2590 deflua
279 2532 346 2590 nive
374 2537 477 2609 pastus
506 2529 655 2610 inpalluit‚
683 2531 767 2591 flavis
795 2530 886 2592 ruber
909 2531 1017 2610 glareis
1042 2542 1072 2595 et

55 2635 108 2696 per
141 2618 257 2679 alveum
289 2621 466 2698 perspicuus
500 2622 618 2699 quietus
649 2619 874 2698 calculosusque
906 2640 1003 2700 neque
1033 2622 1070 2683 oh

54 2706 108 2768 hoc
142 2708 243 2767 minus
275 2710 403 2787 piscium
435 2709 515 2769 ferax
547 2709 749 2770 delicatorum.
802 2705 851 2770 10.
880 2709 1011 2770 dicerem
1041 2721 1071 2772 et

53 2814 143 2857 cenas
163 2803 194 2856 et
213 2796 333 2875 quidem
351 2799 551 2879 unctissimas,
573 2800 633 2857 nisi
650 2801 812 2859 terminum
830 2807 949 2859 nostrae
968 2799 1070 2879 loqua-

51 2887 145 2966 citati,
165 2903 255 2964 quem
272 2886 452 2946 verecundia
470 2905 529 2947 non
547 2886 676 2969 adhibet,
695 2887 796 2948 charta
814 2890 978 2970 posuisset3
998 2908 1069 2969 qua·
1084 2913 1110 2954 ao

52 2992 120 3034 rum
141 2992 260 3053 quoque
279 2975 433 3054 replicatio
452 2977 538 3036 fieret
556 2994 680 3036 amoena
698 2985 829 3058 narratu,
847 2979 907 3037 nisi
926 2978 1069 3058 epistulae

49 3072 172 3142 tergum
190 3063 317 3124 madidis
337 3064 490 3125 sordidare
510 3063 629 3125 calamis
650 3064 903 3127 erubesceremus.
933 3067 985 3127 sed
1000 3071 1069 3146 quia

48 3235 120 3305 angi
139 3235 179 3289 M
182 3235 205 3290 0
224 3238 233 3302 l
256 3239 273 3288 3
291 3236 508 3304 nuncupabatur
525 3236 589 3290 ΕΝ
593 3237 624 3304 Τ,
644 3238 822 3305 nuncupatur
840 3237 878 3291 M
882 3238 905 3293 0
924 3241 933 3306 ΙΙ
958 3243 989 3292 11
1010 3254 1067 3292 cre-

48 3309 145 3362 terrae
164 3306 235 3375 LN,
259 3307 386 3360 craterae
404 3307 497 3362 MOT
517 3310 526 3378 ll
550 3313 583 3361 12
603 3307 709 3361 scrobis
729 3308 793 3362 LN
794 3309 802 3338 ¹
822 3312 902 3376 (corr.
921 3311 953 3363 lot
972 3309 1068 3363 scrobs

47 3379 118 3447 N¹),
137 3377 234 3432 scrobs
249 3378 287 3432 M
290 3376 363 3446 ΟΤΙΙ
379 3384 412 3431 14
426 3377 545 3432 flexibus
560 3379 586 3432 L
600 3381 609 3448 11
623 3385 657 3432 22
677 3395 852 3448 quarumque
867 3380 894 3433 L
904 3381 935 3447 V,
955 3380 1066 3433 harum-

45 3466 103 3575 qple
113 3449 431 3586 lflbterg'bdlcqurlllb
449 3455 483 3576 pti
492 3451 563 3598 prid„
574 3450 790 3586 lbllldlddd
799 3457 838 3601 pb
855 3450 885 3509 tt
901 3453 935 3506 io
952 3467 1012 3507 aas.
1023 3450 1088 3518 hh,
