2414 3864
140 97 205 219 206
517 156 625 211 LIBER
643 155 775 214 NONUS.

140 304 305 385 dispendiis
325 308 425 366 saucia
443 307 532 387 iacet,
554 325 624 367 nam
642 324 696 386 per
716 307 808 368 officii
826 309 990 387 imaginent
1008 307 1062 390 vel,
1074 308 1139 389 quod

140 401 187 456 est
207 397 317 476 verius,
340 397 549 456 necessitatem
572 394 635 456 solo
657 398 754 475 patrio
777 404 908 478 exactus,
930 397 990 459 hoc
1008 397 1140 477 relegatus

139 486 229 545 variis
262 501 498 563 quaquaversum
530 485 651 564 frangor
682 484 856 566 angoribus,
884 488 953 566 quia
982 489 1079 567 patior
1099 486 1139 547 bic

139 573 325 634 incommoda
347 575 508 654 peregrini,
526 573 588 635 illic
606 574 713 635 damna
730 576 900 654 proscripti
938 578 1078 655 quocirca
1093 573 1138 637 sol·

112 681 207 723 avere
226 662 314 722 modo
333 661 448 723 litteras
470 661 558 743 paulo
581 663 735 742 politiores
764 671 814 724 aut
836 665 1046 744 intempestive
1067 671 1138 745 petor

139 759 189 812 aut
211 750 391 831 inpudenter
414 752 583 833 aggredior,
612 770 685 832 quas
712 751 758 813 vel
788 755 854 813 ioco
877 752 994 832 lepidas
1017 753 1062 815 vel
1082 751 1144 815 stilo

138 840 232 902 cultas
255 839 402 901 alternare
426 839 559 901 felicium
577 849 631 902 est.
667 859 757 921 porro
781 849 881 903 autem
904 842 1027 922 quidam
1048 841 1136 904 barba·

137 932 247 990 rismus
279 936 325 990 est
357 947 474 989 morum
506 947 603 991 sermo
631 930 778 992 iucundus
811 938 841 991 et
868 933 988 992 animus
1018 931 1135 993 afflictus.

137 1017 167 1079 4.
201 1021 273 1097 quin
300 1021 400 1097 potius
429 1021 557 1078 animam
578 1019 654 1080 male
677 1018 736 1080 sibi
760 1021 910 1081 consciam
933 1028 964 1081 et
987 1039 1043 1100 per
1062 1020 1136 1081 boras

98 1130 124 1169 ro
138 1107 173 1168 ad
203 1106 358 1168 recordata
385 1107 518 1186 poenalis
545 1109 623 1168 vitae
651 1107 750 1169 debita
782 1111 1062 1171 contremiscentem
1089 1109 1135 1169 tre

137 1198 342 1276 quentissimis
365 1199 424 1258 tuis
448 1196 507 1257 illis
526 1203 557 1256 et
574 1196 784 1258 valentissimis
808 1199 977 1259 orationum
995 1213 1135 1261 munerare

137 1287 295 1367 suffragiis,
318 1304 440 1366 precum
463 1288 578 1366 peritus
601 1284 818 1368 insulanarum,
848 1305 922 1365 quas
946 1286 984 1348 de
1006 1287 1135 1367 palaestra

137 1378 375 1456 congregationis
398 1375 584 1436 heremitidis
607 1375 691 1445 etde
711 1383 816 1438 senatu
833 1373 1040 1438 Lirinensium
1060 1373 1134 1438 cellar

136 1466 273 1527 lanorum
295 1468 327 1525 in
349 1464 455 1526 urbem
479 1482 606 1545 quoque,
629 1466 715 1526 cuius
738 1464 883 1526 ecclesiae
907 1483 994 1527 sacra
1017 1465 1135 1546 supen‘n

97 1572 122 1613 15
138 1558 237 1636 spicis,
260 1553 455 1633 transtulisti,
473 1553 515 1614 nil
538 1552 574 1614 ab
598 1552 703 1615 abbate
726 1561 856 1615 mutatus
878 1571 935 1632 per
957 1555 1134 1632 sacerdotem,

136 1647 245 1724 quippe
264 1661 332 1704 cum
354 1661 446 1703 novae
469 1643 620 1722 dignitatis
640 1642 764 1704 obtentu
782 1645 913 1722 rigorem
931 1646 1044 1705 veteris
1061 1642 1133 1705 diod·

135 1734 232 1814 plinae
255 1750 316 1792 non
338 1731 524 1792 relaxaveris.
542 1731 589 1791 his
603 1733 703 1812 igitur,
721 1739 755 1792 ut
774 1748 864 1810 supra
883 1730 955 1813 dixi,
978 1729 1132 1812 precatibus

136 1823 350 1882 efficacissimis
380 1819 494 1901 obtine,
521 1827 555 1881 ut
581 1823 679 1898 portio
706 1828 808 1882 nostra
836 1821 876 1881 sit
898 1820 1040 1883 domiuus
1061 1827 1132 1899 atquo

135 1919 168 1972 ut
191 1912 312 1989 ascripti
334 1912 441 1970 turmis
461 1909 673 1970 contribulium
686 1909 843 1972 levitarum
861 1927 922 1970 non
941 1923 1130 1972 remaneamus

95 2019 120 2060 so
134 2001 260 2080 terreni,
292 1998 399 2077 quibus
430 2006 510 2059 terra
542 2016 603 2058 non
634 2007 781 2080 remanet,
806 1990 1048 2080 ‘inchoemusque
1073 2004 1130 2060 uta

135 2087 246 2149 saeculi
268 2086 369 2168 lateris,
393 2089 436 2148 sic
460 2106 577 2166 quicque
601 2106 618 2148 a
641 2086 736 2168 culpis
759 2089 953 2167 peregrinari.
1000 2085 1031 2151 ὅ.
1058 2086 1129 2149 tertia

135 2185 181 2239 est
204 2196 292 2239 causa
314 2175 361 2237 vel
382 2196 532 2258 masalma,
562 2175 668 2238 exinde
693 2175 824 2238 seribere
847 2175 903 2239 tibi
931 2196 987 2238 cur
1010 2191 1127 2256 superse

77 2298 85 2312 ·
134 2267 238 2348 derim,
262 2267 340 2346 quod
363 2268 491 2327 immane
515 2267 646 2344 suspicio
669 2266 800 2327 dictandi
822 2265 902 2327 istud
926 2267 958 2326 in
982 2265 1063 2326 vobis
1082 2273 1127 2324 tro

133 2355 301 2436 pologicum
320 2374 413 2435 genus
428 2375 461 2417 ac
480 2357 639 2435 figuratum
657 2354 826 2436 limatisque
845 2353 1031 2435 plurifariam
1048 2350 1126 2414 verbis

93 2465 119 2506 25
133 2448 416 2527 eminentissimum,
449 2445 526 2524 quod
558 2451 657 2505 vestra
684 2462 772 2524 quam
805 2446 989 2523 sumpsimus
1021 2437 1125 2524 epistula

133 2535 277 2596 ostendit:
309 2534 380 2595 licet
402 2534 473 2594 olim
495 2532 730 2613 praedicationes
753 2540 832 2615 tuas,
861 2551 943 2594 nunc
965 2532 1124 2613 repentinas,

73 2661 79 2671 ·
132 2643 225 2706 nunc,
248 2627 322 2685 ratio
347 2643 414 2685 cum
442 2623 639 2704 poposcisset,
676 2621 877 2704 elucubratas,
907 2641 1017 2685 raucus
1043 2620 1123 2702 plosor

132 2713 292 2794 audierim,
323 2720 394 2773 tunc
421 2714 593 2792 praecipue,
625 2729 693 2772 cum
716 2713 748 2772 in
769 2709 979 2791 Lugdunensis
1002 2708 1121 2773 ecclesiae

132 2803 282 2863 dedicatae
306 2802 390 2862 lestis
408 2797 670 2862 hebdomadalibus
690 2799 869 2879 collegarum
889 2807 1121 2862 sacrosanctorum

202 2955 290 3009 thoe
309 2955 376 3009 LN
378 2954 440 3022 01¹,
463 2953 510 3008 hic
535 2957 615 3022 (corr.
634 2970 668 3009 eo
685 2952 739 3008 hoc
758 2954 862 3022 MDM
882 2957 886 3019 Ι
912 2954 1053 3023 relegatus
1067 2947 1120 3004 bel

29 3071 32 3078 .
131 3029 173 3094 (us
189 3043 256 3081 eras.
267 3027 302 3080 N
303 3027 365 3095 ¹)N,
384 3027 526 3095 relegatur
538 3030 619 3090 (corr.
633 3027 666 3080 a'n
678 3025 790 3094 relegor
799 3025 857 3094 Ma)
864 3025 902 3079 M
905 3024 978 3097 GTt
992 3031 1008 3080 3
1025 3023 1118 3098 frmpr

129 3096 283 3222 alpgoribus
306 3098 478 3220 chpoeren‚
495 3095 654 3221 fregpribus
673 3098 749 3178 codd.
775 3095 964 3220 {biragoribus
983 3097 1043 3165 (dcl.
1059 3086 1117 3209 qul?

129 3169 653 3308 titttttattt‘tttttutl
666 3171 828 3308 ἕῗᾚὲωὲὲ
846 3171 931 3294 litt
948 3173 981 3308 'i‘
994 3176 1116 3312 libb

129 3311 225 3381 modo]
246 3309 416 3364 solveremus
435 3313 508 3381 (mus
527 3326 594 3366 eros.
612 3309 688 3380 0¹)c‘
701 3313 711 3380 ΙΙ
730 3315 764 3364 24
782 3325 870 3380 genus
889 3326 940 3366 om,
957 3309 1004 3377 Ol
1021 3313 1052 3363 ta
1066 3294 1116 3379 hest

131 3382 199 3435 olim
217 3381 405 3449 Loetjobann,
433 3383 523 3436 laceto
546 3380 577 3434 in
595 3380 635 3450 L,
662 3380 737 3436 lecet
761 3380 807 3436 eni
832 3385 913 3448 (corr.
932 3383 965 3437 iat
981 3379 1115 3459 linteum

115 3453 228 3593 AEpplr,
236 3452 321 3598 lippet
346 3452 420 3506 enim
439 3453 537 3522 MCT,
561 3451 630 3508 licet
654 3452 741 3508 etiam
759 3469 805 3523 epo
828 3455 838 3522 ΙΙ
861 3458 894 3508 27
914 3469 978 3508 cum
999 3463 1066 3506 racio
1082 3438 1100 3495 (ι’
1110 3432 1113 3503 l
