2414 3864
415 158 567 214 crumnis
585 158 684 239 xxm.
988 156 1053 221 349

198 311 304 370 miscet
327 315 432 368 cuncta
456 308 555 386 fragor
577 309 782 387 resuscitatus,

200 405 341 477 quantum
364 415 424 457 non
448 396 638 476 cyparissifer
660 395 801 476 Lycaeus,

200 493 340 566 quantum
365 504 424 547 non
448 503 604 546 nemorosa
626 484 704 545 tollit
726 483 799 544 Ossa

201 577 321 637 crebras
343 578 511 655 inrequieta
533 593 587 654 per
610 572 765 654 procellas,

127 678 180 727 420
200 672 342 744 quantum
364 682 420 726 nec
443 664 567 724 reboant
589 662 705 724 volutae
728 661 765 722 ab
788 661 897 722 Austro

198 754 284 816 Doris
307 753 458 814 Trinacris
482 759 532 812 aut
554 753 729 830 voraginoso

199 862 273 923 quac
296 841 383 903 vallat
406 841 466 902 sale
490 841 675 920 Bosphorum
698 839 865 920 Propontis.

200 931 248 992 hic
270 949 339 992 mox
361 933 507 1010 praecipit
529 948 641 1008 aequus
665 932 827 1008 imperator

199 1019 305 1100 palmis
328 1022 432 1100 serica,
455 1019 612 1098 torquibus
636 1036 762 1079 coronas

131 1121 184 1171 425
203 1111 343 1188 coniungi
366 1116 396 1169 ct
418 1111 558 1169 meritum
582 1109 777 1187 remunerari,

202 1200 288 1259 victis
311 1200 356 1258 ire
379 1197 486 1259 iubens
510 1200 581 1257 satis
605 1195 752 1276 pudendis

202 1286 279 1348 villis
302 1285 531 1348 versicoloribus
554 1293 677 1365 tapetas.

247 1375 308 1436 lam
330 1394 401 1437 vero
424 1375 609 1436 iuvenalibus
632 1375 761 1454 peractis

204 1482 291 1544 quem
314 1470 344 1525 te
367 1464 541 1544 praebueris
565 1470 707 1543 sequente
731 1465 763 1523 in
786 1479 865 1541 aevo,

132 1565 185 1614 430
204 1556 282 1614 intra
306 1553 402 1615 aulam
425 1555 523 1613 soceri
545 1555 605 1613 mei
629 1554 777 1631 expetitus

202 1661 303 1703 curam
328 1661 396 1704 cnm
419 1642 589 1702 moderatus
613 1660 645 1702 es
668 1639 770 1721 Palati,

203 1730 312 1792 chartis
335 1730 553 1811 posterioribus
576 1730 742 1810 loquemur,

204 1822 230 1880 si
252 1820 319 1900 plns
342 1818 527 1900 temporibus
551 1827 634 1880 vacat
656 1819 778 1898 suturis3

204 1927 283 1971 nunc
306 1928 393 1989 quam
417 1910 547 1970 diximus
570 1907 800 1987 hospitalitatem

133 2009 186 2059 435
205 2000 307 2078 paucis
330 2006 472 2078 personet
495 1998 662 2076 obsequens
685 1995 795 2057 Thalia.

249 2086 274 2147 0
297 2086 393 2149 dulcis
416 2088 531 2168 domus,
554 2106 571 2148 o
594 2088 637 2166 pii
660 2093 792 2166 penateS,

204 2194 279 2255 quos
303 2169 367 2260 (res
391 2175 521 2237 difficilis
546 2175 662 2254 sibique
686 2168 816 2258 discors)

205 2263 328 2326 libertas
352 2265 442 2326 simul
465 2264 574 2326 excolit
595 2261 764 2342 pudorque!

206 2372 222 2413 o
246 2356 388 2436 convivia,
411 2354 535 2434 fabulae,
558 2351 659 2432 libelli,

133 2454 187 2505 440
206 2444 295 2524 risus,
319 2446 452 2525 serietas,
476 2443 655 2520 dicacitates

206 2550 356 2613 occursus,
380 2535 536 2593 comitatus
559 2548 637 2591 unus
660 2529 749 2608 idem,

207 2638 260 2681 seu
283 2620 405 2682 delubra
429 2621 478 2681 dci
501 2619 622 2680 colenda
646 2617 733 2678 nobis

135 2721 187 2770 445
207 2716 284 2770 tecta
307 2708 433 2771 illustria
457 2728 510 2770 seu
533 2707 658 2769 videnda
680 2706 754 2787 Livi,

137 2810 190 2859 443
210 2800 271 2859 sive
294 2799 330 2859 ad
354 2799 524 2878 pontificem
547 2798 655 2877 gradus
679 2796 804 2876 ferendi,

209 2888 269 2947 sive
293 2887 329 2947 ad
353 2887 481 2948 culmina
504 2887 601 2947 Martii
623 2886 764 2967 Myronis,

136 2987 188 3038 446
208 2978 269 3036 sive
293 2976 329 3037 ad
352 2976 513 3055 doctiloqui
535 2975 643 3035 Leonis
667 2975 756 3035 aedes

208 3057 282 3148 (quo
306 3065 353 3126 bis
378 3083 429 3125 sex
453 3064 567 3125 tabulas
591 3064 714 3124 docente
739 3065 813 3124 iuris

207 3153 286 3214 ultro
311 3153 450 3215 Claudius
474 3154 586 3233 Appius
609 3152 714 3213 lateret

207 3242 287 3303 claro
311 3242 467 3303 obscurior
490 3245 521 3303 in
545 3243 759 3321 decemviratu3

121 3457 174 3506 426
192 3450 340 3520 pudendos
358 3451 507 3506 Buecheler
530 3452 538 3519 ll
562 3455 613 3504 445
629 3455 693 3519 post
711 3466 735 3504 o.
750 3453 806 3504 442
826 3447 964 3503 revocavit
982 3445 1064 3501 Luct-

39 3525 158 3599 p'obarm
170 3527 179 3594 l
193 3528 246 3577 444
265 3521 363 3576 marcii
384 3521 492 3594 OTFp
