2414 3864
438 182 591 238 clamart
609 183 642 238 Π.
982 185 1046 252 251

66 343 103 393 >0
121 332 275 393 mandatas
298 333 357 393 fert
379 332 448 393 inde
472 351 586 411 preces.
633 351 706 411 quas
730 334 796 394 diva
820 341 921 396 secuta

120 428 243 500 apparat
265 423 310 481 ire
333 423 419 482 viam.
465 421 576 482 lanatos
600 429 683 482 torva
707 422 828 501 capillos

119 511 241 588 stringit
263 516 293 570 et
316 510 447 571 inclusae
470 509 621 572 latuerunt
643 511 758 572 casside
782 518 896 593 turres3

120 598 213 659 infula
235 597 337 659 laurus
360 605 432 660 erat,
478 598 567 659 bullis
589 599 749 661 hostilibus
773 619 861 680 asper

121 687 248 766 applicat
271 707 287 748 a
310 686 391 749 laeva
414 695 586 766 surgentem
609 687 725 750 balteus
749 708 859 750 ensem.

69 785 102 834 5
119 777 263 836 inseritur
285 775 381 856 clipeo
404 779 510 838 victrix
533 795 654 858 manus3
677 776 758 838 illius
777 777 880 838 orbem

119 863 308 946 Martigenae,
331 865 408 946 lupa,
427 865 566 946 Thybris,
587 866 686 947 Amor,
704 865 792 948 Mars,
810 867 862 927 Ilia
886 867 1044 947 complent.

120 952 209 1014 fibula
232 953 364 1015 mordaci
387 955 505 1034 refugas
529 973 545 1015 a
567 962 689 1034 pectore
712 963 809 1016 vestes

122 1042 209 1103 dente
229 1044 315 1122 capit.
355 1045 446 1104 micat
463 1044 547 1103 hasta
561 1045 670 1125 minax,
690 1063 876 1124 quercusque
891 1045 1042 1125 trophaeis

120 1149 207 1191 curva
230 1133 333 1192 tremit
353 1131 521 1212 placitoque
545 1132 630 1193 deam
654 1132 709 1194 sub
733 1134 811 1194 fasce
835 1133 946 1212 fatigat

66 1230 103 1280 *0
119 1227 262 1299 perpetuo
286 1228 345 1281 stat
367 1220 466 1300 planta
489 1220 568 1301 solo,
591 1222 643 1282 sed
667 1222 758 1282 fascia
780 1224 893 1302 primos

120 1311 237 1369 sistitur
260 1309 295 1369 ad
319 1309 441 1391 digitos,
464 1310 627 1371 retinacula
649 1310 719 1371 bina
743 1310 897 1371 cothurnis

118 1400 209 1458 mittit
232 1401 263 1458 in
287 1399 443 1460 adversum
466 1401 564 1459 vincto
589 1399 625 1460 de
648 1400 750 1460 fomite
773 1398 884 1479 pollex,

119 1505 193 1565 quae
218 1489 364 1567 stringant
387 1488 524 1568 crepidas
548 1494 578 1548 et
601 1487 848 1549 concurrentibus
872 1489 952 1548 ansis

119 1575 283 1637 vinclorum
307 1577 418 1655 pandas
440 1583 543 1638 texant
565 1595 619 1657 per
642 1596 729 1637 crura
753 1585 879 1638 catenas.

66 1668 104 1724 >a
122 1683 207 1745 ergo,
229 1667 308 1726 sicut
330 1675 407 1746 erat,
430 1664 573 1745 liquidam
596 1673 763 1726 transvecta
785 1685 840 1745 per
864 1667 996 1727 aethram

118 1756 267 1814 nascentis
290 1756 378 1834 petiit
398 1755 515 1834 tepidos
538 1753 716 1833 Hyperionis
740 1762 831 1816 ortus.

161 1841 215 1902 Est
237 1841 320 1903 locus
343 1841 466 1924 Oceani,
489 1843 658 1922 longinquis
682 1846 836 1922 proximus
859 1843 954 1925 Indis,

117 1949 169 1991 axe
194 1930 249 1991 suh
272 1930 347 2013 Eoo,
370 1931 551 1993 Nabataeum
574 1939 678 1992 tensus
701 1934 732 1993 in
755 1932 882 1994 Eurum:

116 2039 168 2080 ver
191 2019 235 2080 ibi
257 2023 432 2081 continuum
455 2028 514 2101 est,
537 2020 724 2100 interpellata
747 2040 803 2082 nec
826 2022 895 2083 ullis

66 2113 97 2168 to
116 2108 277 2187 frigoribus
299 2108 435 2188 pallescit
457 2109 578 2190 humus,
602 2110 654 2170 sed
678 2111 750 2172 flore
773 2114 900 2191 perenni

115 2200 196 2276 picta
217 2201 392 2277 peregrinos
415 2200 553 2276 ignorant
575 2217 643 2259 arra
666 2202 796 2281 rigores;

114 2285 216 2347 halant
238 2304 309 2347 rura
331 2289 422 2366 rosis,
446 2286 697 2367 indiscriptosque
720 2308 775 2368 per
799 2307 885 2367 agros

115 2376 227 2453 fragrat
250 2375 338 2457 odor3
360 2375 480 2455 violam,
504 2378 644 2457 cytisum,
668 2377 807 2458 serpylla,
830 2376 1003 2459 ligustrum,

114 2463 190 2544 lilia,
213 2467 375 2546 narcissos,
398 2467 521 2546 casiam,
545 2464 703 2547 colocasia,
727 2467 831 2547 caltas,

66 2564 94 2615 15
116 2560 248 2634 costum,
270 2553 501 2634 malobathrum,
524 2555 673 2634 myrrhas,
696 2554 897 2636 opobalsama,
920 2564 987 2617 tura

113 2644 285 2722 parturiunt
307 2644 417 2723 campi3
440 2661 495 2702 nec
519 2661 579 2703 non
601 2642 736 2721 pulsante
761 2651 880 2704 senecta

113 2732 185 2792 hinc
208 2731 337 2792 rediviva
360 2733 435 2810 petit
457 2733 572 2792 vicinus
597 2734 732 2793 cinnama
755 2731 896 2794 Phoenix.

112 2821 163 2882 hic
187 2818 292 2880 domus
315 2821 446 2881 Arrrorae
468 2819 559 2880 rutilo
582 2828 734 2882 crustante
757 2821 876 2883 metallo
962 2833 964 2835 ’

114 2909 255 2970 bacarum
278 2909 409 2988 praefert
430 2908 511 2969 leves
534 2916 650 2988 asprata
673 2909 797 2988 lapillos.

66 3011 95 3061 to
116 2998 263 3077 diripiunt
285 2997 402 3058 diversa
424 2996 525 3058 oculos
549 3004 579 3059 et
602 2998 638 3058 ah
662 3006 724 3060 arte
748 3002 888 3078 magistra

114 3087 173 3148 boc
195 3089 300 3169 vincit,
323 3087 530 3166 quodcumque
553 3087 649 3168 vides3
673 3088 726 3148 sed
750 3088 888 3150 conditur
911 3093 1009 3152 omnis

113 3175 168 3238 sub
192 3176 311 3237 domina
332 3182 489 3255 praesente
513 3175 616 3256 decor,
640 3179 791 3256 nimioque
814 3178 924 3241 rubore

96 3406 147 3456 899
164 3399 328 3471 placitoque
344 3399 551 3469 Drakenborch,
568 3400 738 3469 placidoque
756 3403 834 3459 codd.
848 3406 858 3472 l
870 3408 923 3458 402
942 3402 1039 3458 iuncto

66 3469 113 3543 ΡΙ
132 3477 184 3526 412
203 3470 441 3540 indiscriptosque
459 3488 507 3538 eqo
527 3474 602 3541 (item
620 3471 826 3543 metiebamur),
838 3473 1048 3542 indescriqtns-

66 3556 82 3595 o
98 3545 171 3599 codd,
183 3546 198 3612 1)
209 3547 263 3596 413
277 3541 388 3612 aegrae
406 3542 444 3615 F,
463 3542 571 3617 flagrat
591 3544 676 3604 ΟΡΤ
688 3551 703 3622 lt
716 3552 770 3603 nit
787 3545 906 3629 profem
924 3544 979 3612 (lh

1156 3630 1169 3753 f
