<?xml version="1.0" encoding="UTF-8"?>
<!DOCTYPE html PUBLIC "-//W3C//DTD XHTML 1.0 Transitional//EN"
    "http://www.w3.org/TR/xhtml1/DTD/xhtml1-transitional.dtd">
<html xmlns="http://www.w3.org/1999/xhtml" xml:lang="en" lang="en">
 <head>
  <title>
</title>
<meta http-equiv="Content-Type" content="text/html;charset=utf-8" />
  <meta name='ocr-system' content='tesseract 3.04.00' />
  <meta name='ocr-capabilities' content='ocr_page ocr_carea ocr_par ocr_line ocrx_word'/>
</head>
<body>
  <div class='ocr_page' id='page_1' title='image "./csolliusapollin00apolgoog_0253.png"; bbox 0 0 2414 3864; ppageno 0'>
   <div class='ocr_carea' id='block_1_1' title="bbox 128 128 789 194">
    <p class='ocr_par' dir='ltr' id='par_1_1' title="bbox 128 128 789 194">
     <span class='ocr_line' id='line_1_1' title="bbox 128 128 789 194; baseline 0.003 -11"><span class='ocrx_word' id='word_1_1' title='bbox 128 129 196 194; x_wconf 84' lang='grc'>200</span> <span class='ocrx_word' id='word_1_2' title='bbox 488 128 597 184; x_wconf 85' lang='lat' dir='ltr'>LIBER</span> <span class='ocrx_word' id='word_1_3' title='bbox 616 128 789 185; x_wconf 82' lang='lat' dir='ltr'>OCTAVUS.</span> 
     </span>
    </p>
   </div>
   <div class='ocr_carea' id='block_1_2' title="bbox 104 277 1172 984">
    <p class='ocr_par' dir='ltr' id='par_1_2' title="bbox 104 277 1172 984">
     <span class='ocr_line' id='line_1_2' title="bbox 129 277 1172 361; baseline -0.001 -21"><span class='ocrx_word' id='word_1_4' title='bbox 129 297 266 340; x_wconf 91' lang='lat' dir='ltr'>meorum</span> <span class='ocrx_word' id='word_1_5' title='bbox 298 285 432 358; x_wconf 75' lang='lat' dir='ltr'>reportat</span> <span class='ocrx_word' id='word_1_6' title='bbox 462 277 620 360; x_wconf 73' lang='lat' dir='ltr'>obsequia,</span> <span class='ocrx_word' id='word_1_7' title='bbox 657 297 745 358; x_wconf 91' lang='lat' dir='ltr'>quem</span> <span class='ocrx_word' id='word_1_8' title='bbox 778 278 876 340; x_wconf 91' lang='lat' dir='ltr'>saltim</span> <span class='ocrx_word' id='word_1_9' title='bbox 908 281 1039 341; x_wconf 89' lang='lat' dir='ltr'>iuvimus</span> <span class='ocrx_word' id='word_1_10' title='bbox 1069 289 1129 361; x_wconf 88' lang='lat' dir='ltr'>voto,</span> <span class='ocrx_word' id='word_1_11' title='bbox 1169 308 1172 317; x_wconf 89' lang='grc'><strong><em>·</em></strong></span> 
     </span>
     <span class='ocr_line' id='line_1_3' title="bbox 131 366 1172 450; baseline 0.006 -21"><span class='ocrx_word' id='word_1_12' title='bbox 131 371 201 447; x_wconf 92' lang='lat' dir='ltr'>quia</span> <span class='ocrx_word' id='word_1_13' title='bbox 219 386 253 429; x_wconf 91' lang='lat' dir='ltr'>re</span> <span class='ocrx_word' id='word_1_14' title='bbox 272 367 397 429; x_wconf 81' lang='lat' dir='ltr'><strong>forsitan</strong></span> <span class='ocrx_word' id='word_1_15' title='bbox 415 385 476 428; x_wconf 93' lang='lat' dir='ltr'>non</span> <span class='ocrx_word' id='word_1_16' title='bbox 494 366 634 428; x_wconf 86' lang='lat' dir='ltr'>valemus.</span> <span class='ocrx_word' id='word_1_17' title='bbox 671 386 726 447; x_wconf 92' lang='lat' dir='ltr'>per</span> <span class='ocrx_word' id='word_1_18' title='bbox 745 386 834 447; x_wconf 89' lang='lat' dir='ltr'>quem</span> <span class='ocrx_word' id='word_1_19' title='bbox 853 367 979 430; x_wconf 88' lang='lat' dir='ltr'>obscero</span> <span class='ocrx_word' id='word_1_20' title='bbox 1003 372 1128 450; x_wconf 88' lang='lat' dir='ltr'>impense,</span> <span class='ocrx_word' id='word_1_21' title='bbox 1170 430 1172 435; x_wconf 90' lang='lat'>.</span> 
     </span>
     <span class='ocr_line' id='line_1_4' title="bbox 129 455 1127 538; baseline 0 -20"><span class='ocrx_word' id='word_1_22' title='bbox 129 464 165 517; x_wconf 89' lang='lat' dir='ltr'>ut</span> <span class='ocrx_word' id='word_1_23' title='bbox 192 458 274 518; x_wconf 90' lang='lat' dir='ltr'>sitim</span> <span class='ocrx_word' id='word_1_24' title='bbox 300 464 433 517; x_wconf 91' lang='lat' dir='ltr'>nostram</span> <span class='ocrx_word' id='word_1_25' title='bbox 460 457 634 536; x_wconf 84' lang='lat' dir='ltr'>frequenter</span> <span class='ocrx_word' id='word_1_26' title='bbox 661 455 770 517; x_wconf 90' lang='lat' dir='ltr'>litteris</span> <span class='ocrx_word' id='word_1_27' title='bbox 797 456 937 519; x_wconf 87' lang='lat' dir='ltr'>litteratis</span> <span class='ocrx_word' id='word_1_28' title='bbox 965 458 1051 520; x_wconf 90' lang='lat' dir='ltr'>ambo</span> <span class='ocrx_word' id='word_1_29' title='bbox 1078 476 1127 538; x_wconf 87' lang='lat' dir='ltr'>ger·</span> 
     </span>
     <span class='ocr_line' id='line_1_5' title="bbox 130 545 1127 628; baseline -0.001 -22"><span class='ocrx_word' id='word_1_30' title='bbox 130 547 226 628; x_wconf 92' lang='lat' dir='ltr'>mani,</span> <span class='ocrx_word' id='word_1_31' title='bbox 249 552 282 606; x_wconf 90' lang='lat' dir='ltr'>tu</span> <span class='ocrx_word' id='word_1_32' title='bbox 305 545 505 626; x_wconf 81' lang='lat' dir='ltr'>frequentius,</span> <span class='ocrx_word' id='word_1_33' title='bbox 528 547 674 624; x_wconf 88' lang='lat' dir='ltr'>inrigetis.</span> <span class='ocrx_word' id='word_1_34' title='bbox 716 545 768 606; x_wconf 92' lang='lat' dir='ltr'>sed</span> <span class='ocrx_word' id='word_1_35' title='bbox 797 547 823 606; x_wconf 93' lang='lat' dir='ltr'>si</span> <span class='ocrx_word' id='word_1_36' title='bbox 845 545 1008 608; x_wconf 88' lang='lat' dir='ltr'>difficultas</span> <span class='ocrx_word' id='word_1_37' title='bbox 1030 549 1127 608; x_wconf 91' lang='lat' dir='ltr'>itineris</span> 
     </span>
     <span class='ocr_line' id='line_1_6' title="bbox 104 633 1172 717; baseline 0.001 -23"><span class='ocrx_word' id='word_1_38' title='bbox 104 637 263 696; x_wconf 81' lang='lat' dir='ltr'>sintersiti</span> <span class='ocrx_word' id='word_1_39' title='bbox 289 633 415 695; x_wconf 90' lang='lat' dir='ltr'>resultat</span> <span class='ocrx_word' id='word_1_40' title='bbox 445 636 565 716; x_wconf 89' lang='lat' dir='ltr'>optatis,</span> <span class='ocrx_word' id='word_1_41' title='bbox 593 633 640 695; x_wconf 89' lang='lat' dir='ltr'>vel</span> <span class='ocrx_word' id='word_1_42' title='bbox 667 634 844 713; x_wconf 82' lang='lat' dir='ltr'>aliquotiens</span> <span class='ocrx_word' id='word_1_43' title='bbox 873 654 929 715; x_wconf 94' lang='lat' dir='ltr'>pro</span> <span class='ocrx_word' id='word_1_44' title='bbox 963 635 1126 717; x_wconf 83' lang='lat' dir='ltr'>supplicibus</span> <span class='ocrx_word' id='word_1_45' title='bbox 1169 699 1172 711; x_wconf 87' lang='lat'>.</span> 
     </span>
     <span class='ocr_line' id='line_1_7' title="bbox 131 722 1126 805; baseline 0.003 -21"><span class='ocrx_word' id='word_1_46' title='bbox 131 723 305 803; x_wconf 74' lang='lat' dir='ltr'>supplicate.</span> <span class='ocrx_word' id='word_1_47' title='bbox 347 726 442 784; x_wconf 92' lang='lat' dir='ltr'>maius</span> <span class='ocrx_word' id='word_1_48' title='bbox 466 730 513 784; x_wconf 92' lang='lat' dir='ltr'>est</span> <span class='ocrx_word' id='word_1_49' title='bbox 531 730 643 805; x_wconf 91' lang='lat' dir='ltr'>autem,</span> <span class='ocrx_word' id='word_1_50' title='bbox 667 725 693 784; x_wconf 91' lang='lat' dir='ltr'>si</span> <span class='ocrx_word' id='word_1_51' title='bbox 716 722 803 784; x_wconf 94' lang='lat' dir='ltr'>nobis</span> <span class='ocrx_word' id='word_1_52' title='bbox 826 723 961 785; x_wconf 93' lang='lat' dir='ltr'>tribuere</span> <span class='ocrx_word' id='word_1_53' title='bbox 984 725 1126 805; x_wconf 82' lang='lat' dir='ltr'>dignemini</span> 
     </span>
     <span class='ocr_line' id='line_1_8' title="bbox 131 811 1126 891; baseline 0 -18"><span class='ocrx_word' id='word_1_54' title='bbox 131 815 208 873; x_wconf 91' lang='lat' dir='ltr'>raris</span> <span class='ocrx_word' id='word_1_55' title='bbox 241 811 506 873; x_wconf 86' lang='lat' dir='ltr'>intercessionibus</span> <span class='ocrx_word' id='word_1_56' title='bbox 539 811 664 872; x_wconf 91' lang='lat' dir='ltr'>salutem</span> <span class='ocrx_word' id='word_1_57' title='bbox 696 831 785 891; x_wconf 90' lang='lat' dir='ltr'>quam</span> <span class='ocrx_word' id='word_1_58' title='bbox 815 814 842 874; x_wconf 92' lang='lat' dir='ltr'>si</span> <span class='ocrx_word' id='word_1_59' title='bbox 872 812 988 874; x_wconf 81' lang='lat' dir='ltr'>crebris</span> <span class='ocrx_word' id='word_1_60' title='bbox 1012 812 1126 875; x_wconf 87' lang='lat' dir='ltr'>ailatibus</span> 
     </span>
     <span class='ocr_line' id='line_1_9' title="bbox 132 901 1084 984; baseline 0.002 -22"><span class='ocrx_word' id='word_1_61' title='bbox 132 901 315 980; x_wconf 91' lang='lat' dir='ltr'>dignitatem.</span> <span class='ocrx_word' id='word_1_62' title='bbox 361 918 476 961; x_wconf 91' lang='lat' dir='ltr'>memor</span> <span class='ocrx_word' id='word_1_63' title='bbox 498 903 595 961; x_wconf 92' lang='lat' dir='ltr'>nostri</span> <span class='ocrx_word' id='word_1_64' title='bbox 618 919 684 962; x_wconf 90' lang='lat' dir='ltr'>esse</span> <span class='ocrx_word' id='word_1_65' title='bbox 707 901 839 983; x_wconf 87' lang='lat' dir='ltr'>dignare,</span> <span class='ocrx_word' id='word_1_66' title='bbox 862 902 983 964; x_wconf 92' lang='lat' dir='ltr'>domine</span> <span class='ocrx_word' id='word_1_67' title='bbox 1007 921 1084 984; x_wconf 89' lang='lat' dir='ltr'>papa.</span> 
     </span>
    </p>
   </div>
   <div class='ocr_carea' id='block_1_3' title="bbox 200 1161 1075 1342">
    <p class='ocr_par' dir='ltr' id='par_1_3' title="bbox 200 1161 1075 1342">
     <span class='ocr_line' id='line_1_10' title="bbox 603 1161 674 1228; baseline 0.014 -1"><span class='ocrx_word' id='word_1_68' title='bbox 603 1161 674 1228; x_wconf 72' lang='lat' dir='ltr'>XV.</span> 
     </span>
     <span class='ocr_line' id='line_1_11' title="bbox 200 1283 1075 1342; baseline 0.003 -3"><span class='ocrx_word' id='word_1_69' title='bbox 200 1283 368 1340; x_wconf 81' lang='lat' dir='ltr'>SIDONIUS</span> <span class='ocrx_word' id='word_1_70' title='bbox 386 1283 531 1339; x_wconf 85' lang='lat' dir='ltr'>DOMINO</span> <span class='ocrx_word' id='word_1_71' title='bbox 550 1283 669 1339; x_wconf 84' lang='lat' dir='ltr'>PAPAE</span> <span class='ocrx_word' id='word_1_72' title='bbox 688 1283 877 1340; x_wconf 79' lang='lat' dir='ltr'>PROSPERO</span> <span class='ocrx_word' id='word_1_73' title='bbox 897 1284 1075 1342; x_wconf 82' lang='lat' dir='ltr'>SALUTEM.</span> 
     </span>
    </p>
   </div>
   <div class='ocr_carea' id='block_1_4' title="bbox 93 1396 1150 2990">
    <p class='ocr_par' dir='ltr' id='par_1_4' title="bbox 93 1396 1150 2990">
     <span class='ocr_line' id='line_1_12' title="bbox 94 1396 1134 1482; baseline 0.002 -27"><span class='ocrx_word' id='word_1_74' title='bbox 94 1415 120 1455; x_wconf 83' lang='grc' dir='ltr'>ιο</span> <span class='ocrx_word' id='word_1_75' title='bbox 203 1396 230 1458; x_wconf 94' lang='grc'>1.</span> <span class='ocrx_word' id='word_1_76' title='bbox 254 1397 330 1459; x_wconf 88' lang='lat' dir='ltr'>Dum</span> <span class='ocrx_word' id='word_1_77' title='bbox 344 1396 480 1458; x_wconf 92' lang='lat' dir='ltr'>laudibus</span> <span class='ocrx_word' id='word_1_78' title='bbox 501 1400 625 1458; x_wconf 90' lang='lat' dir='ltr'>summis</span> <span class='ocrx_word' id='word_1_79' title='bbox 644 1405 779 1459; x_wconf 87' lang='lat' dir='ltr'>sanetum</span> <span class='ocrx_word' id='word_1_80' title='bbox 797 1398 975 1482; x_wconf 81' lang='lat' dir='ltr'>Annianum,</span> <span class='ocrx_word' id='word_1_81' title='bbox 988 1402 1134 1461; x_wconf 82' lang='lat' dir='ltr'>maximum</span> 
     </span>
     <span class='ocr_line' id='line_1_13' title="bbox 134 1487 1132 1568; baseline -0.003 -20"><span class='ocrx_word' id='word_1_82' title='bbox 134 1487 722 1568; x_wconf 82' lang='lat' dir='ltr'>consummatissimumquepontificem,</span> <span class='ocrx_word' id='word_1_83' title='bbox 749 1487 832 1567; x_wconf 76' lang='lat' dir='ltr'>lupo</span> <span class='ocrx_word' id='word_1_84' title='bbox 860 1506 964 1567; x_wconf 92' lang='lat' dir='ltr'>parem</span> <span class='ocrx_word' id='word_1_85' title='bbox 987 1488 1132 1550; x_wconf 87' lang='lat' dir='ltr'>Germano-</span> 
     </span>
     <span class='ocr_line' id='line_1_14' title="bbox 135 1574 1132 1656; baseline -0.004 -19"><span class='ocrx_word' id='word_1_86' title='bbox 135 1595 193 1656; x_wconf 88' lang='lat' dir='ltr'>que</span> <span class='ocrx_word' id='word_1_87' title='bbox 227 1594 288 1636; x_wconf 92' lang='lat' dir='ltr'>non</span> <span class='ocrx_word' id='word_1_88' title='bbox 319 1578 476 1655; x_wconf 90' lang='lat' dir='ltr'>imparem,</span> <span class='ocrx_word' id='word_1_89' title='bbox 508 1576 553 1635; x_wconf 87' lang='lat' dir='ltr'>vis</span> <span class='ocrx_word' id='word_1_90' title='bbox 592 1574 738 1636; x_wconf 91' lang='lat' dir='ltr'>celebrari</span> <span class='ocrx_word' id='word_1_91' title='bbox 770 1575 961 1656; x_wconf 88' lang='lat' dir='ltr'>fideliumque</span> <span class='ocrx_word' id='word_1_92' title='bbox 994 1578 1132 1639; x_wconf 89' lang='lat' dir='ltr'>desideras</span> 
     </span>
     <span class='ocr_line' id='line_1_15' title="bbox 133 1664 1133 1746; baseline -0.004 -19"><span class='ocrx_word' id='word_1_93' title='bbox 133 1664 305 1746; x_wconf 84' lang='lat' dir='ltr'>pectoribus</span> <span class='ocrx_word' id='word_1_94' title='bbox 328 1665 412 1743; x_wconf 85' lang='lat' dir='ltr'>infigi</span> <span class='ocrx_word' id='word_1_95' title='bbox 438 1665 494 1724; x_wconf 87' lang='lat' dir='ltr'>viri</span> <span class='ocrx_word' id='word_1_96' title='bbox 522 1664 590 1724; x_wconf 92' lang='lat' dir='ltr'>talis</span> <span class='ocrx_word' id='word_1_97' title='bbox 613 1683 646 1725; x_wconf 91' lang='lat' dir='ltr'>ae</span> <span class='ocrx_word' id='word_1_98' title='bbox 669 1666 744 1724; x_wconf 90' lang='lat' dir='ltr'>tanti</span> <span class='ocrx_word' id='word_1_99' title='bbox 766 1683 865 1726; x_wconf 91' lang='lat' dir='ltr'>mores</span> <span class='ocrx_word' id='word_1_100' title='bbox 888 1667 996 1727; x_wconf 92' lang='lat' dir='ltr'>merita</span> <span class='ocrx_word' id='word_1_101' title='bbox 1014 1669 1133 1742; x_wconf 88' lang='lat' dir='ltr'>virtutes,</span> 
     </span>
     <span class='ocr_line' id='line_1_16' title="bbox 135 1752 1132 1837; baseline -0.004 -22"><span class='ocrx_word' id='word_1_102' title='bbox 135 1757 184 1816; x_wconf 91' lang='lat' dir='ltr'>cui</span> <span class='ocrx_word' id='word_1_103' title='bbox 207 1757 295 1815; x_wconf 91' lang='lat' dir='ltr'>etiam</span> <span class='ocrx_word' id='word_1_104' title='bbox 319 1752 391 1814; x_wconf 93' lang='lat' dir='ltr'>illud</span> <span class='ocrx_word' id='word_1_105' title='bbox 414 1770 474 1813; x_wconf 94' lang='lat' dir='ltr'>non</span> <span class='ocrx_word' id='word_1_106' title='bbox 498 1753 609 1832; x_wconf 93' lang='lat' dir='ltr'>absque</span> <span class='ocrx_word' id='word_1_107' title='bbox 633 1755 747 1814; x_wconf 93' lang='lat' dir='ltr'>iustitia</span> <span class='ocrx_word' id='word_1_108' title='bbox 770 1753 881 1832; x_wconf 92' lang='lat' dir='ltr'>gloriae</span> <span class='ocrx_word' id='word_1_109' title='bbox 901 1754 998 1837; x_wconf 91' lang='lat' dir='ltr'>datur,</span> <span class='ocrx_word' id='word_1_110' title='bbox 1022 1754 1093 1836; x_wconf 93' lang='lat' dir='ltr'>quod</span> <span class='ocrx_word' id='word_1_111' title='bbox 1107 1759 1132 1812; x_wconf 91' lang='lat' dir='ltr'>te</span> 
     </span>
     <span class='ocr_line' id='line_1_17' title="bbox 93 1839 1134 1923; baseline -0.001 -23"><span class='ocrx_word' id='word_1_112' title='bbox 93 1861 119 1901; x_wconf 87' lang='lat'>15</span> <span class='ocrx_word' id='word_1_113' title='bbox 135 1861 308 1903; x_wconf 90' lang='lat' dir='ltr'>successore</span> <span class='ocrx_word' id='word_1_114' title='bbox 341 1842 482 1922; x_wconf 90' lang='lat' dir='ltr'>decessit,</span> <span class='ocrx_word' id='word_1_115' title='bbox 511 1860 653 1921; x_wconf 84' lang='lat' dir='ltr'>exegeras</span> <span class='ocrx_word' id='word_1_116' title='bbox 684 1842 771 1923; x_wconf 90' lang='lat' dir='ltr'>mibi,</span> <span class='ocrx_word' id='word_1_117' title='bbox 803 1849 837 1903; x_wconf 89' lang='lat' dir='ltr'>ut</span> <span class='ocrx_word' id='word_1_118' title='bbox 863 1846 1070 1923; x_wconf 90' lang='lat' dir='ltr'>promitterem</span> <span class='ocrx_word' id='word_1_119' title='bbox 1088 1839 1134 1903; x_wconf 88' lang='lat' dir='ltr'>tibi</span> 
     </span>
     <span class='ocr_line' id='line_1_18' title="bbox 134 1929 1134 2013; baseline -0.004 -22"><span class='ocrx_word' id='word_1_120' title='bbox 134 1930 240 1992; x_wconf 80' lang='lat' dir='ltr'>Attilae</span> <span class='ocrx_word' id='word_1_121' title='bbox 263 1930 374 1990; x_wconf 93' lang='lat' dir='ltr'>bellum</span> <span class='ocrx_word' id='word_1_122' title='bbox 394 1929 461 1990; x_wconf 89' lang='lat' dir='ltr'>stilo</span> <span class='ocrx_word' id='word_1_123' title='bbox 480 1949 527 1991; x_wconf 92' lang='lat' dir='ltr'>me</span> <span class='ocrx_word' id='word_1_124' title='bbox 546 1932 675 2011; x_wconf 92' lang='lat' dir='ltr'>posteris</span> <span class='ocrx_word' id='word_1_125' title='bbox 694 1932 909 2013; x_wconf 84' lang='lat' dir='ltr'>intimaturum,</span> <span class='ocrx_word' id='word_1_126' title='bbox 928 1951 987 2012; x_wconf 94' lang='lat' dir='ltr'>quo</span> <span class='ocrx_word' id='word_1_127' title='bbox 1011 1931 1134 1995; x_wconf 87' lang='lat' dir='ltr'>videlicet</span> 
     </span>
     <span class='ocr_line' id='line_1_19' title="bbox 134 2018 1136 2102; baseline -0.006 -21"><span class='ocrx_word' id='word_1_128' title='bbox 134 2019 355 2081; x_wconf 81' lang='lat' dir='ltr'>Aurelianensis</span> <span class='ocrx_word' id='word_1_129' title='bbox 369 2018 453 2079; x_wconf 94' lang='lat' dir='ltr'>urbis</span> <span class='ocrx_word' id='word_1_130' title='bbox 468 2019 582 2080; x_wconf 92' lang='lat' dir='ltr'>obsidio</span> <span class='ocrx_word' id='word_1_131' title='bbox 598 2021 785 2102; x_wconf 82' lang='lat' dir='ltr'>oppugnatio,</span> <span class='ocrx_word' id='word_1_132' title='bbox 799 2021 931 2100; x_wconf 91' lang='lat' dir='ltr'>inruptio</span> <span class='ocrx_word' id='word_1_133' title='bbox 946 2040 1002 2083; x_wconf 91' lang='lat' dir='ltr'>nec</span> <span class='ocrx_word' id='word_1_134' title='bbox 1022 2020 1136 2101; x_wconf 84' lang='lat' dir='ltr'>direptio</span> 
     </span>
     <span class='ocr_line' id='line_1_20' title="bbox 135 2107 1134 2187; baseline -0.002 -17"><span class='ocrx_word' id='word_1_135' title='bbox 135 2116 166 2170; x_wconf 91' lang='lat' dir='ltr'>et</span> <span class='ocrx_word' id='word_1_136' title='bbox 188 2108 237 2169; x_wconf 91' lang='lat' dir='ltr'>illa</span> <span class='ocrx_word' id='word_1_137' title='bbox 260 2107 375 2187; x_wconf 89' lang='lat' dir='ltr'>vulgata</span> <span class='ocrx_word' id='word_1_138' title='bbox 400 2108 530 2169; x_wconf 84' lang='lat' dir='ltr'>exauditi</span> <span class='ocrx_word' id='word_1_139' title='bbox 549 2108 671 2170; x_wconf 89' lang='lat' dir='ltr'>caelitus</span> <span class='ocrx_word' id='word_1_140' title='bbox 696 2109 860 2170; x_wconf 90' lang='lat' dir='ltr'>sacerdotis</span> <span class='ocrx_word' id='word_1_141' title='bbox 883 2111 1055 2173; x_wconf 88' lang='lat' dir='ltr'>vaticinatio</span> <span class='ocrx_word' id='word_1_142' title='bbox 1076 2125 1134 2171; x_wconf 88' lang='lat' dir='ltr'>con·</span> 
     </span>
     <span class='ocr_line' id='line_1_21' title="bbox 134 2195 1136 2281; baseline -0.006 -22"><span class='ocrx_word' id='word_1_143' title='bbox 134 2197 293 2260; x_wconf 90' lang='lat' dir='ltr'>timebatur.</span> <span class='ocrx_word' id='word_1_144' title='bbox 338 2195 368 2258; x_wconf 78' lang='lat'>2.</span> <span class='ocrx_word' id='word_1_145' title='bbox 392 2214 546 2276; x_wconf 90' lang='lat' dir='ltr'>coeperam</span> <span class='ocrx_word' id='word_1_146' title='bbox 571 2197 718 2278; x_wconf 73' lang='lat' dir='ltr'>scribere,</span> <span class='ocrx_word' id='word_1_147' title='bbox 742 2198 793 2259; x_wconf 93' lang='lat' dir='ltr'>sed</span> <span class='ocrx_word' id='word_1_148' title='bbox 818 2200 917 2277; x_wconf 92' lang='lat' dir='ltr'>operis</span> <span class='ocrx_word' id='word_1_149' title='bbox 936 2202 1050 2281; x_wconf 90' lang='lat' dir='ltr'>arrepti</span> <span class='ocrx_word' id='word_1_150' title='bbox 1067 2201 1136 2260; x_wconf 81' lang='lat' dir='ltr'>fasee</span> 
     </span>
     <span class='ocr_line' id='line_1_22' title="bbox 94 2286 1141 2367; baseline -0.004 -19"><span class='ocrx_word' id='word_1_151' title='bbox 94 2309 120 2348; x_wconf 81' lang='grc' dir='ltr'>ιιι</span> <span class='ocrx_word' id='word_1_152' title='bbox 134 2294 291 2367; x_wconf 88' lang='lat' dir='ltr'>perspecto</span> <span class='ocrx_word' id='word_1_153' title='bbox 323 2286 437 2347; x_wconf 92' lang='lat' dir='ltr'>taeduit</span> <span class='ocrx_word' id='word_1_154' title='bbox 467 2286 636 2367; x_wconf 77' lang='lat' dir='ltr'>inchoasse,</span> <span class='ocrx_word' id='word_1_155' title='bbox 667 2295 790 2365; x_wconf 90' lang='lat' dir='ltr'>propter</span> <span class='ocrx_word' id='word_1_156' title='bbox 819 2287 876 2347; x_wconf 90' lang='lat' dir='ltr'>boc</span> <span class='ocrx_word' id='word_1_157' title='bbox 905 2287 998 2350; x_wconf 91' lang='lat' dir='ltr'>nullis</span> <span class='ocrx_word' id='word_1_158' title='bbox 1027 2286 1141 2350; x_wconf 81' lang='lat' dir='ltr'>auribus</span> 
     </span>
     <span class='ocr_line' id='line_1_23' title="bbox 135 2374 1144 2456; baseline -0.003 -19"><span class='ocrx_word' id='word_1_159' title='bbox 135 2376 261 2456; x_wconf 91' lang='lat' dir='ltr'>credidi,</span> <span class='ocrx_word' id='word_1_160' title='bbox 289 2374 368 2454; x_wconf 94' lang='lat' dir='ltr'>quod</span> <span class='ocrx_word' id='word_1_161' title='bbox 391 2376 521 2454; x_wconf 88' lang='lat' dir='ltr'>primum</span> <span class='ocrx_word' id='word_1_162' title='bbox 546 2394 593 2435; x_wconf 90' lang='lat' dir='ltr'>me</span> <span class='ocrx_word' id='word_1_163' title='bbox 621 2393 744 2435; x_wconf 92' lang='lat' dir='ltr'>censore</span> <span class='ocrx_word' id='word_1_164' title='bbox 768 2375 985 2437; x_wconf 89' lang='lat' dir='ltr'>damnaveram.</span> <span class='ocrx_word' id='word_1_165' title='bbox 1023 2377 1144 2448; x_wconf 84' lang='lat' dir='ltr'>dabitur,</span> 
     </span>
     <span class='ocr_line' id='line_1_24' title="bbox 134 2465 1147 2567; baseline -0.003 -42"><span class='ocrx_word' id='word_1_166' title='bbox 134 2472 169 2526; x_wconf 92' lang='lat' dir='ltr'>ut</span> <span class='ocrx_word' id='word_1_167' title='bbox 196 2482 297 2545; x_wconf 93' lang='lat' dir='ltr'>spero,</span> <span class='ocrx_word' id='word_1_168' title='bbox 324 2466 459 2567; x_wconf 79' lang='lat' dir='ltr'>precatui</span> <span class='ocrx_word' id='word_1_169' title='bbox 490 2471 541 2525; x_wconf 88' lang='lat' dir='ltr'>tuo</span> <span class='ocrx_word' id='word_1_170' title='bbox 570 2471 600 2524; x_wconf 92' lang='lat' dir='ltr'>et</span> <span class='ocrx_word' id='word_1_171' title='bbox 627 2465 742 2524; x_wconf 90' lang='lat' dir='ltr'>meritis</span> <span class='ocrx_word' id='word_1_172' title='bbox 767 2466 908 2525; x_wconf 91' lang='lat' dir='ltr'>antistitis</span> <span class='ocrx_word' id='word_1_173' title='bbox 932 2469 1054 2549; x_wconf 91' lang='lat' dir='ltr'>summi,</span> <span class='ocrx_word' id='word_1_174' title='bbox 1076 2478 1147 2544; x_wconf 88' lang='lat' dir='ltr'>qua</span> 
     </span>
     <span class='ocr_line' id='line_1_25' title="bbox 134 2514 1148 2632; baseline -0.006 -17.916"><span class='ocrx_word' id='word_1_175' title='bbox 134 2560 222 2614; x_wconf 92' lang='lat' dir='ltr'>tenus</span> <span class='ocrx_word' id='word_1_176' title='bbox 254 2555 413 2632; x_wconf 89' lang='lat' dir='ltr'>praeconio</span> <span class='ocrx_word' id='word_1_177' title='bbox 446 2571 499 2613; x_wconf 94' lang='lat' dir='ltr'>suo</span> <span class='ocrx_word' id='word_1_178' title='bbox 530 2552 585 2613; x_wconf 90' lang='lat' dir='ltr'>sub</span> <span class='ocrx_word' id='word_1_179' title='bbox 618 2571 803 2632; x_wconf 90' lang='lat' dir='ltr'>quacumque</span> <span class='ocrx_word' id='word_1_180' title='bbox 827 2560 871 2614; x_wconf 92' lang='lat' dir='ltr'>et</span> <span class='ocrx_word' id='word_1_181' title='bbox 903 2555 1026 2632; x_wconf 90' lang='lat' dir='ltr'>quidem</span> <span class='ocrx_word' id='word_1_182' title='bbox 1045 2514 1148 2616; x_wconf 86' lang='lat' dir='ltr'>celeri</span> 
     </span>
     <span class='ocr_line' id='line_1_26' title="bbox 135 2638 1149 2705; baseline -0.003 -3"><span class='ocrx_word' id='word_1_183' title='bbox 135 2644 290 2703; x_wconf 90' lang='lat' dir='ltr'>occasione</span> <span class='ocrx_word' id='word_1_184' title='bbox 320 2640 504 2702; x_wconf 81' lang='lat' dir='ltr'>famulemur.</span> <span class='ocrx_word' id='word_1_185' title='bbox 551 2649 682 2702; x_wconf 90' lang='lat' dir='ltr'>ceterum</span> <span class='ocrx_word' id='word_1_186' title='bbox 709 2642 902 2703; x_wconf 91' lang='lat' dir='ltr'>tutoreditor</span> <span class='ocrx_word' id='word_1_187' title='bbox 929 2644 1026 2705; x_wconf 90' lang='lat' dir='ltr'>iustus</span> <span class='ocrx_word' id='word_1_188' title='bbox 1048 2638 1149 2704; x_wconf 81' lang='lat' dir='ltr'>laude</span> 
     </span>
     <span class='ocr_line' id='line_1_27' title="bbox 96 2729 1150 2810; baseline 0.006 -19"><span class='ocrx_word' id='word_1_189' title='bbox 96 2752 121 2791; x_wconf 77' lang='grc' dir='ltr'>ιι</span> <span class='ocrx_word' id='word_1_190' title='bbox 136 2731 202 2792; x_wconf 93' lang='lat' dir='ltr'>bilit</span> <span class='ocrx_word' id='word_1_191' title='bbox 190 2739 237 2792; x_wconf 91' lang='lat' dir='ltr'>ter</span> <span class='ocrx_word' id='word_1_192' title='bbox 259 2731 316 2791; x_wconf 90' lang='lat' dir='ltr'>hoc</span> <span class='ocrx_word' id='word_1_193' title='bbox 339 2731 555 2810; x_wconf 89' lang='lat' dir='ltr'>imprudentiae</span> <span class='ocrx_word' id='word_1_194' title='bbox 578 2731 730 2790; x_wconf 90' lang='lat' dir='ltr'>temerarii</span> <span class='ocrx_word' id='word_1_195' title='bbox 754 2730 835 2791; x_wconf 91' lang='lat' dir='ltr'>debit</span> <span class='ocrx_word' id='word_1_196' title='bbox 823 2733 897 2791; x_wconf 91' lang='lat' dir='ltr'>toris</span> <span class='ocrx_word' id='word_1_197' title='bbox 917 2732 1083 2810; x_wconf 87' lang='lat' dir='ltr'>indulseris,</span> <span class='ocrx_word' id='word_1_198' title='bbox 1098 2729 1150 2797; x_wconf 80' lang='lat' dir='ltr'>ut,</span> 
     </span>
     <span class='ocr_line' id='line_1_28' title="bbox 136 2818 1148 2900; baseline -0.005 -20"><span class='ocrx_word' id='word_1_199' title='bbox 136 2821 213 2898; x_wconf 91' lang='lat' dir='ltr'>quod</span> <span class='ocrx_word' id='word_1_200' title='bbox 237 2820 312 2880; x_wconf 91' lang='lat' dir='ltr'>mihi</span> <span class='ocrx_word' id='word_1_201' title='bbox 333 2819 491 2880; x_wconf 91' lang='lat' dir='ltr'>insolubile</span> <span class='ocrx_word' id='word_1_202' title='bbox 524 2820 653 2900; x_wconf 89' lang='lat' dir='ltr'>videtur,</span> <span class='ocrx_word' id='word_1_203' title='bbox 680 2818 736 2879; x_wconf 91' lang='lat' dir='ltr'>tibi</span> <span class='ocrx_word' id='word_1_204' title='bbox 764 2838 881 2898; x_wconf 90' lang='lat' dir='ltr'>quoque</span> <span class='ocrx_word' id='word_1_205' title='bbox 910 2821 1045 2882; x_wconf 89' lang='lat' dir='ltr'>videatur</span> <span class='ocrx_word' id='word_1_206' title='bbox 1065 2822 1148 2880; x_wconf 83' lang='lat' dir='ltr'>inre-</span> 
     </span>
     <span class='ocr_line' id='line_1_29' title="bbox 136 2907 1057 2990; baseline 0.002 -22"><span class='ocrx_word' id='word_1_207' title='bbox 136 2908 288 2987; x_wconf 92' lang='lat' dir='ltr'>poscibile.</span> <span class='ocrx_word' id='word_1_208' title='bbox 330 2926 443 2969; x_wconf 91' lang='lat' dir='ltr'>memor</span> <span class='ocrx_word' id='word_1_209' title='bbox 466 2910 562 2969; x_wconf 91' lang='lat' dir='ltr'>nostri</span> <span class='ocrx_word' id='word_1_210' title='bbox 586 2926 651 2968; x_wconf 92' lang='lat' dir='ltr'>esse</span> <span class='ocrx_word' id='word_1_211' title='bbox 676 2907 810 2989; x_wconf 90' lang='lat' dir='ltr'>dignare,</span> <span class='ocrx_word' id='word_1_212' title='bbox 834 2909 953 2969; x_wconf 92' lang='lat' dir='ltr'>domine</span> <span class='ocrx_word' id='word_1_213' title='bbox 976 2928 1057 2990; x_wconf 89' lang='lat' dir='ltr'>papa.</span> 
     </span>
    </p>
   </div>
   <div class='ocr_carea' id='block_1_5' title="bbox 136 3082 1143 3310">
    <p class='ocr_par' dir='ltr' id='par_1_5' title="bbox 138 3082 1143 3310">
     <span class='ocr_line' id='line_1_30' title="bbox 208 3082 1139 3178; baseline -0.007 -26.766"><span class='ocrx_word' id='word_1_214' title='bbox 208 3095 324 3151; x_wconf 77' lang='lat' dir='ltr'>duobis</span> <span class='ocrx_word' id='word_1_215' title='bbox 344 3097 402 3151; x_wconf 70' lang='grc' dir='ltr'>ΒΤ</span> <span class='ocrx_word' id='word_1_216' title='bbox 418 3099 564 3153; x_wconf 76' lang='lat' dir='ltr'>otiores</span> <span class='ocrx_word' id='word_1_217' title='bbox 580 3097 634 3166; x_wconf 59' lang='lat' dir='ltr'>Ml,</span> <span class='ocrx_word' id='word_1_218' title='bbox 657 3094 740 3149; x_wconf 85' lang='lat' dir='ltr'>bonis</span> <span class='ocrx_word' id='word_1_219' title='bbox 756 3095 873 3178; x_wconf 82' lang='lat' dir='ltr'>¹ccOett</span> <span class='ocrx_word' id='word_1_220' title='bbox 841 3104 915 3153; x_wconf 78' lang='lat' dir='ltr'>octo</span> <span class='ocrx_word' id='word_1_221' title='bbox 935 3098 979 3168; x_wconf 87' lang='lat' dir='ltr'>M,</span> <span class='ocrx_word' id='word_1_222' title='bbox 1002 3082 1139 3152; x_wconf 76' lang='lat' dir='ltr'>velnobiS</span> 
     </span>
     <span class='ocr_line' id='line_1_31' title="bbox 136 3142 1143 3237; baseline -0.005 -12.739"><span class='ocrx_word' id='word_1_223' title='bbox 136 3175 210 3224; x_wconf 91' lang='grc' dir='ltr'>ιι.</span> <span class='ocrx_word' id='word_1_224' title='bbox 229 3183 249 3223; x_wconf 85' lang='lat' dir='ltr'>s</span> <span class='ocrx_word' id='word_1_225' title='bbox 269 3169 286 3222; x_wconf 87' lang='lat' dir='ltr'>l.</span> <span class='ocrx_word' id='word_1_226' title='bbox 306 3169 369 3223; x_wconf 83' lang='lat' dir='ltr'>odd</span> <span class='ocrx_word' id='word_1_227' title='bbox 384 3170 440 3237; x_wconf 81' lang='lat' dir='ltr'>M1,</span> <span class='ocrx_word' id='word_1_228' title='bbox 458 3186 526 3225; x_wconf 82' lang='lat' dir='ltr'>erac.</span> <span class='ocrx_word' id='word_1_229' title='bbox 541 3169 589 3223; x_wconf 59' lang='lat' dir='ltr'>Ml</span> <span class='ocrx_word' id='word_1_230' title='bbox 612 3172 620 3234; x_wconf 75' lang='lat' dir='ltr'>t</span> <span class='ocrx_word' id='word_1_231' title='bbox 644 3172 678 3221; x_wconf 90' lang='lat'>10</span> <span class='ocrx_word' id='word_1_232' title='bbox 697 3166 850 3221; x_wconf 82' lang='lat' dir='ltr'>annianum</span> <span class='ocrx_word' id='word_1_233' title='bbox 869 3168 939 3236; x_wconf 85' lang='lat' dir='ltr'>LN,</span> <span class='ocrx_word' id='word_1_234' title='bbox 963 3142 1143 3226; x_wconf 79' lang='grc' dir='ltr'>ιιιίιιιιιιιιιΜ</span> 
     </span>
     <span class='ocr_line' id='line_1_32' title="bbox 138 3238 962 3310; baseline 0 -15"><span class='ocrx_word' id='word_1_235' title='bbox 138 3240 191 3295; x_wconf 83' lang='lat' dir='ltr'>OT</span> <span class='ocrx_word' id='word_1_236' title='bbox 202 3241 212 3309; x_wconf 78' lang='lat' dir='ltr'>b</span> <span class='ocrx_word' id='word_1_237' title='bbox 226 3244 259 3292; x_wconf 76' lang='lat'>22</span> <span class='ocrx_word' id='word_1_238' title='bbox 279 3241 308 3292; x_wconf 84' lang='lat' dir='ltr'>et</span> <span class='ocrx_word' id='word_1_239' title='bbox 326 3257 376 3295; x_wconf 84' lang='lat' dir='ltr'>om.</span> <span class='ocrx_word' id='word_1_240' title='bbox 393 3240 432 3308; x_wconf 80' lang='grc'>01</span> <span class='ocrx_word' id='word_1_241' title='bbox 449 3243 586 3308; x_wconf 85' lang='lat' dir='ltr'>quaemus</span> <span class='ocrx_word' id='word_1_242' title='bbox 605 3240 675 3309; x_wconf 86' lang='lat' dir='ltr'>LN,</span> <span class='ocrx_word' id='word_1_243' title='bbox 694 3238 828 3306; x_wconf 86' lang='lat' dir='ltr'>quatinus</span> <span class='ocrx_word' id='word_1_244' title='bbox 847 3240 942 3295; x_wconf 70' lang='lat' dir='ltr'>Mor</span> <span class='ocrx_word' id='word_1_245' title='bbox 952 3245 962 3310; x_wconf 76' lang='lat' dir='ltr'>ss</span> 
     </span>
    </p>
   </div>
   <div class='ocr_carea' id='block_1_6' title="bbox 0 0 1233 3864">
    <p class='ocr_par' dir='ltr' id='par_1_6' title="bbox 0 0 1233 3864">
     <span class='ocr_line' id='line_1_33' title="bbox 0 0 1233 3864; baseline 0 0"><span class='ocrx_word' id='word_1_246' title='bbox 0 0 1233 3864; x_wconf 95' lang='lat' dir='ltr'> </span> 
     </span>
    </p>
   </div>
  </div>
 </body>
</html>
