2414 3864
437 160 590 218 CARMEN
608 164 667 220 XV.

234 327 294 369 non
317 309 366 370 hic
389 309 550 371 Herculeas
573 313 654 374 ridet
677 313 838 392 palaestras

234 398 335 459 Aetola
358 399 487 479 Calydon
511 407 633 480 stupens
657 402 693 463 ab
717 422 793 484 arce,

235 506 303 547 cum
327 505 419 548 cornu
443 488 525 548 fluvii
549 491 749 570 superbientis

234 576 350 637 Alcides
373 585 531 658 premeret,
555 578 680 640 subinde
704 581 816 642 sessum

180 677 214 726 20
234 665 348 725 undoso
372 666 508 727 refovens
531 667 567 727 ab
590 669 675 730 hoste
698 678 815 752 pectus3

234 753 286 814 sed
310 754 414 815 doetus
438 757 553 816 iuvenis
578 757 744 838 decensque
768 762 859 838 virgo,

234 849 300 903 ortu
324 843 452 904 culmina
476 843 584 905 Galliae
608 853 753 927 tenentes,

232 933 408 1010 iunguntur:
432 936 500 1013 cito,
524 934 598 1014 diva,
621 944 706 997 necte
731 937 856 997 chordas

232 1038 297 1101 nee,
320 1020 398 1099 quod
422 1021 557 1083 detonuit
580 1023 707 1085 Camena
731 1028 834 1107 maior,

179 1120 213 1170 25
232 1116 364 1170 nostram
386 1113 558 1189 pauperiem
582 1111 670 1173 silere
694 1132 788 1192 cogas.

233 1198 268 1258 ad
291 1198 392 1259 taedas
415 1199 548 1260 Thetidis
571 1201 715 1280 probante
738 1201 857 1263 Phoebo

232 1294 261 1347 et
284 1287 394 1348 Chiron
417 1290 526 1348 cecinit
548 1292 663 1350 minore
686 1289 808 1371 plectro,

231 1394 286 1436 nec
309 1378 377 1436 risit
399 1379 447 1455 pia
470 1376 556 1437 turba
580 1381 781 1461 rusticantem,

232 1467 364 1542 quamvis
388 1483 475 1544 saepe
500 1485 591 1527 senex
613 1467 749 1528 biformis
773 1469 834 1530 illic

179 1566 213 1615 30
232 1571 352 1614 carmen
375 1562 528 1633 rumperet
550 1556 704 1617 hinniente
728 1566 824 1619 cantu.

509 1781 580 1846 XV.

399 1901 687 1960 EPITHALAMIUM.

170 2013 258 2075 Forte
281 2014 439 2094 procellosi
462 2035 598 2077 remeans
622 2037 658 2078 ex
682 2038 749 2080 arce
774 2020 898 2102 Caferei,

125 2103 297 2164 Phoebados
319 2102 425 2164 Iliacae
448 2112 565 2183 raptum
589 2109 660 2167 satis
683 2108 744 2169 ulta
768 2109 921 2191 pudorem,

125 2192 220 2253 Pallas
243 2191 409 2253 Erechtheo
432 2191 581 2255 Xanthum
604 2196 736 2257 mutabat
758 2197 904 2276 Hymetto.

125 2288 227 2343 aurato
249 2282 340 2342 micat
362 2299 429 2342 aere
454 2291 549 2364 caput,
572 2286 726 2363 maiusque
750 2303 889 2346 serenum

89 2382 107 2432 5
127 2371 163 2431 de
186 2378 301 2431 terrore
325 2373 416 2452 capit3
439 2374 536 2450 posito
560 2391 628 2433 nam
652 2373 774 2433 fulmine
797 2374 925 2435 necdum

125 2459 269 2539 Cinyphio
292 2458 414 2520 Tritone
436 2467 536 2521 truces
558 2461 734 2522 hilaraverat
757 2469 847 2523 artus.

125 2547 221 2627 Gorgo
244 2555 328 2608 tenet
350 2556 454 2627 pectus
477 2549 617 2629 medium,
640 2550 753 2611 factura
775 2551 888 2611 videnti

125 2645 155 2697 et
176 2643 312 2697 truncata
334 2655 445 2718 moras3
468 2639 543 2698 nitet
565 2639 709 2699 insidiosa
733 2640 895 2718 superbum

125 2726 238 2804 effigies
260 2727 390 2805 vivitque
414 2728 511 2786 anima
533 2735 677 2806 pereunte
700 2735 852 2809 venustas3

77 2827 106 2875 ιο
125 2814 181 2874 alta
205 2820 386 2875 cerastarum
410 2817 500 2894 spiris
525 2825 612 2894 caput
635 2825 753 2897 asperat
776 2824 872 2877 atrum

124 2905 287 2983 congeries,
309 2910 429 2982 torquet
450 2904 600 2966 maculosa
623 2906 771 2967 volumina
795 2905 917 2967 mordax

124 2994 224 3073 crinis,
248 3000 278 3052 et
300 2994 368 3052 irati
391 2992 461 3052 dant
484 2992 569 3053 sibila
592 3001 685 3055 taetra
709 2994 815 3075 capilli.

123 3099 282 3160 squameus
305 3081 340 3141 ad
363 3080 490 3141 mediam
514 3082 618 3142 thorax
641 3102 701 3144 non
723 3087 859 3164 pervenit
883 3086 980 3149 alvum

121 3177 190 3249 post
213 3169 364 3250 chalybem
386 3170 535 3249 pendente
557 3171 657 3254 peplo;
681 3175 755 3252 tegit
777 3177 885 3235 extima
908 3175 993 3237 limbi

77 3271 104 3321 to
123 3260 227 3320 circite
250 3258 325 3338 palla
348 3258 448 3340 pedes,
473 3263 524 3339 qui
547 3280 615 3322 cum
639 3260 694 3322 sub
718 3269 799 3323 veste
822 3274 987 3348 moventur,

122 3350 251 3427 crispato
275 3348 386 3426 rigidae
411 3352 556 3428 crepitant
579 3353 612 3410 in
636 3359 763 3430 syrmate
787 3370 885 3431 rugae.

103 3517 155 3573 xv
173 3523 208 3572 14
224 3517 285 3572 nmt
303 3519 367 3590 Pr,
386 3517 438 3576 nni
458 3519 513 3595 ry
