2414 3864
477 152 691 208 PRAEFATIO.
1038 155 1092 210 VII

75 305 191 367 codicis
215 306 246 364 in
269 321 368 364 meum
391 322 477 364 usum
502 303 750 364 exscriberentur.
782 303 845 364 Est
858 312 957 366 autem
980 304 1006 366 N
1031 298 1089 388 (sic

77 393 262 456 Chatelainio
277 401 438 472 praeeunte
452 411 520 453 eum
535 387 683 476 significo)
699 411 765 454 cum
780 393 803 452 L
818 396 965 454 artissima
984 413 1089 473 cogna-

77 487 161 544 tione
189 501 332 562 conexus,
364 482 416 542 sed
447 489 550 561 postea
577 500 593 542 a
616 481 738 542 librario
767 484 846 562 ipso,
869 486 977 562 partim
1000 486 1089 543 etiam

81 573 120 633 ab
143 571 235 632 altera
258 589 346 631 manu
370 570 426 631 alio
449 570 550 631 codice
574 570 705 632 adhibito
724 571 990 632 innumerabilibus
1014 572 1087 633 locis

79 678 302 738 nonnumquam
326 662 367 719 ita
391 666 556 740 eorrectuS,
579 667 612 721 ut
630 662 756 739 pristina
775 659 862 721 lectio
886 663 934 720 vix
953 669 1003 721 aut
1027 680 1089 721 om-

79 753 150 811 nino
175 767 235 809 non
258 751 353 828 possit
380 751 457 830 erui3
487 755 640 827 praeterea
667 749 735 809 inde
763 749 799 809 ab
824 768 870 828 ep.
889 749 906 810 l.
925 749 965 809 III
988 769 1090 811 omnes

79 840 142 899 lere
167 837 360 917 epistularum
383 839 593 916 inscriptiones
623 839 754 916 nigriore
782 845 946 898 atramento
975 839 1089 899 additae

78 935 157 989 sunt.
181 927 302 987 Praeter
325 925 444 987 lacunas
468 928 496 986 ei
519 945 588 987 cum
610 926 633 985 L
657 945 828 987 communes
852 928 1014 1007 deperditis
1038 929 1090 989 ali-

78 1024 152 1096 quot
175 1015 255 1075 loliis
277 1015 349 1075 haec
369 1015 488 1076 desunt:
513 1034 558 1094 ep.
577 1015 625 1096 lll,
646 1014 696 1096 13,
715 1014 735 1078 6
759 1012 923 1096 disten[dc't
940 1036 1034 1096 usque
1054 1018 1089 1078 ad

77 1106 99 1182 ξ
115 1102 155 1167 11
176 1101 328 1184 moribus]
349 1109 431 1176 vale;
454 1105 498 1185 Vl,
512 1102 572 1184 4,3
592 1113 626 1165 ut
647 1124 712 1166 sese
727 1105 900 1184 sectusque
915 1106 951 1166 ad
965 1106 1010 1187 VI,
1026 1105 1055 1187 8,
1072 1105 1089 1167 1

77 1198 199 1265 allecem
223 1192 293 1273 VIII,
308 1189 351 1253 14
369 1193 405 1253 ab
429 1196 514 1254 initio
532 1212 627 1272 usque
651 1193 687 1253 ad
711 1192 765 1270 §8
790 1198 939 1266 colemus;
962 1194 1010 1276 IX,
1025 1193 1054 1276 3,
1071 1195 1089 1256 7

79 1292 154 1344 tune
177 1286 257 1342 enim
280 1300 374 1359 usque
398 1282 434 1342 ad
457 1281 505 1363 IX,
525 1280 553 1362 6,
573 1280 593 1341 3
618 1284 656 1343 ob
680 1301 806 1353 errore,·
828 1282 938 1343 desiuit
957 1303 1024 1344 oum
1044 1303 1090 1363 ep.

77 1373 96 1432 l.
116 1371 156 1431 IX
175 1369 205 1434 6.
242 1370 283 1430 ne
307 1370 399 1430 altero
423 1371 523 1431 codice
543 1373 615 1430 item
634 1370 784 1431 Laudiano
803 1372 897 1451 alfini,
921 1374 963 1432 sic
983 1380 1090 1453 tamen,

78 1463 189 1522 utiam
209 1462 334 1520 mixtum
354 1460 500 1538 quoddam
520 1462 684 1538 scripturae
708 1478 801 1538 genus
825 1460 970 1543 exhibeat,
997 1463 1089 1523 Vati-

77 1568 170 1612 cano
196 1547 236 1610 17
240 1546 281 1610 83
297 1568 319 1609 s.
334 1546 360 1607 x
375 1542 427 1631 (V)
442 1548 534 1609 multa
554 1567 589 1608 ex
604 1548 803 1609 Gustalssonii
821 1548 897 1610 libro
921 1550 980 1630 illo,
1000 1570 1088 1630 quem
1106 1553 1134 1609 V

78 1656 170 1718 supra
194 1640 434 1718 commemoravi,
462 1638 581 1698 haurire
609 1639 709 1718 potui,
733 1637 788 1698 alia
811 1641 875 1717 ipse
899 1658 952 1717 per
975 1639 1089 1701 litteras

77 1727 293 1805 benignissime
326 1745 373 1786 me
406 1726 513 1787 docuit.
559 1727 591 1786 ln
622 1727 677 1786 hoc
709 1727 809 1787 codice
847 1727 949 1787 eadem
981 1729 1089 1790 desunt

77 1835 153 1895 quae
184 1818 216 1876 in
244 1818 351 1876 ceteris
383 1816 472 1876 huius
503 1814 645 1896 familiae,
674 1816 725 1875 sed
759 1819 847 1875 etiam
871 1834 916 1894 ep.
931 1816 952 1897 l,
974 1816 990 1877 1
1016 1817 1089 1880 eta

76 1908 248 1984 perierunt,
282 1904 391 1965 desinit
424 1910 521 1965 autem
554 1923 622 1964 enm
655 1922 699 1983 ep.
720 1903 794 1985 VIII,
815 1900 908 1984 12,8
938 1914 998 1966 tom
1027 1911 1090 1983 ipse

76 2011 169 2070 quom
189 1997 305 2070 patrio.

144 2083 207 2142 lam
236 2090 270 2142 ut
300 2081 442 2159 breviter,
471 2100 559 2160 quam
586 2083 731 2141 rationem
758 2083 789 2141 in
817 2081 953 2160 epistulis
985 2101 1089 2143 recen-

77 2172 180 2232 sendis
201 2178 321 2231 secutus
341 2172 405 2250 sim,
420 2188 573 2250 exponam,
591 2169 647 2229 boc
667 2170 740 2229 mihi
753 2173 897 2250 persuasi,
916 2171 968 2231 ubi
982 2175 1089 2233 ceteris

78 2260 163 2320 libris
192 2259 303 2320 codicis
332 2258 358 2319 N
384 2260 587 2319 testimonium
615 2265 717 2318 contra
744 2258 767 2317 L
800 2260 968 2340 accederet,
1000 2260 1088 2322 huius

78 2348 237 2410 lectionem
261 2348 322 2408 fere
345 2347 581 2426 improbandam,
605 2354 633 2408 at
656 2347 708 2407 ubi
731 2346 837 2408 LetN
862 2342 922 2431 (vel
945 2351 1033 2408 etiam
1050 2342 1088 2432 V)

78 2440 158 2498 inter
181 2455 214 2497 sc
237 2439 454 2516 consentirent,
481 2454 541 2496 non
570 2438 634 2496 sine
658 2438 840 2514 gravissimis
863 2439 961 2497 causis
985 2437 1020 2497 ab
1045 2440 1089 2498 eis

78 2526 292 2605 recedendum,
324 2527 356 2585 in
387 2527 431 2584 eis
464 2532 563 2585 autem
593 2524 743 2605 partibus,
774 2524 826 2585 ubi
858 2525 996 2586 meliores
1019 2525 1089 2588 libri

77 2615 232 2694 deessent,
262 2621 346 2675 cauta
376 2613 588 2674 deliberatione
611 2613 756 2693 adhiblta,
784 2613 854 2692 quid
883 2633 1000 2692 quoque
1024 2615 1088 2676 loco

78 2721 182 2765 verum
197 2703 355 2784 videretur,
375 2702 590 2781 dispiciendum
610 2721 675 2762 esse
696 2702 789 2786 idque
804 2702 996 2785 seligendum,
1010 2705 1088 2783 quod

79 2800 130 2854 aut
152 2794 228 2852 ratio
251 2794 315 2870 ipsa
339 2799 390 2852 aut
408 2791 522 2851 Sidonii
541 2790 701 2851 aliorumve
725 2793 903 2870 scriptorum
923 2795 986 2852 eius
1007 2796 1089 2853 simi-

78 2881 152 2942 lium
176 2899 270 2960 genus
294 2881 411 2941 dicendi
433 2879 586 2959 probabile
610 2880 737 2941 lecisset.
785 2880 923 2941 Ceterum
947 2900 1005 2942 non
1029 2890 1089 2943 tam

78 2970 280 3030 emendatoris
313 2970 445 3048 indigere
474 2969 628 3030 Sidonium
659 2987 746 3047 quarn
774 2971 946 3048 interpretis
969 2973 1001 3031 in
1025 2972 1089 3032 dies

78 3062 172 3138 magis
196 3076 244 3118 me
267 3060 454 3137 perspexisse
478 3057 571 3118 libere
593 3059 743 3137 profiteor.

146 3148 312 3225 Antequam
335 3147 371 3207 ad
395 3148 524 3207 carmina
547 3154 708 3228 transeam,
736 3154 839 3227 restat,
867 3156 901 3207 ut
928 3148 964 3208 de
992 3149 1088 3210 tribus

79 3237 303 3316 additamentis,
333 3255 408 3315 quae
432 3238 463 3295 in
486 3231 601 3295 ‘Nanzii
624 3231 738 3296 codice'
761 3235 882 3316 Savaro,
911 3239 942 3296 in
966 3233 1088 3316 ‘optimo

79 3322 146 3387 suo’
173 3318 426 3406 Wouwerenus*)
456 3343 488 3384 se
515 3326 664 3385 invenisse
692 3325 807 3405 dicunt,
834 3344 927 3404 pauca
951 3325 1089 3407 adiciam,

150 3514 175 3584 ')
195 3512 307 3569 Ceterae
327 3512 410 3567 bolus
433 3512 539 3570 codicis
562 3515 688 3589 ‘optiml’
714 3515 861 3576 leobiones
881 3534 901 3572 u
913 3515 1120 3571 Wouuorouo
