2414 3864
439 139 651 215 acaunum
984 139 1049 204 241

126 307 257 369 namque
279 288 457 351 Dicarcheae
479 288 640 350 translatus
663 288 760 369 pulvis
782 290 910 351 harenae

76 393 103 442 to
124 381 244 440 intratis
268 377 411 439 solidatur
434 382 518 458 aquis
542 379 705 458 durataque
728 397 825 439 massa

119 471 250 529 sustinet
271 466 409 529 advectos
431 470 589 547 peregrino
613 470 645 527 in
668 470 784 547 gurgite
808 486 938 546 campos.

119 560 217 618 sinte
241 556 416 636 dispositam
440 565 681 636 spectantemque
704 557 835 635 undique
859 564 978 638 pertun,

119 645 255 706 vallatam
277 645 381 724 pelago
404 653 553 706 terrarum
576 645 729 706 commoda
753 647 884 724 cingunt.

164 734 326 796 Fortunata
349 742 395 795 sat
416 753 449 796 es
472 734 581 795 Romae
604 737 713 814 partita
736 734 918 816 triumphos,

76 835 101 886 ta
123 831 154 884 et
176 826 235 883 iam
254 841 314 884 non
338 826 505 903 querimur:
529 823 623 883 valeat
646 823 752 884 divisio
775 825 868 902 regui.

121 912 303 974 concordant
324 912 418 974 lancis
441 920 556 993 partes3
580 912 650 972 dum
675 912 807 991 pondera
830 919 932 973 nostra

123 1003 269 1082 suscipis,
292 1003 434 1080 aequasti.
470 1001 522 1061 tali
545 1007 578 1061 tu
602 1003 675 1061 civis
699 1001 735 1062 ah
758 1000 832 1062 urhe

124 1091 269 1170 Procopio
294 1093 427 1170 genitore
450 1093 556 1170 micas,
580 1091 629 1151 cui
651 1092 750 1169 prisca
772 1108 902 1170 propago

123 1179 265 1258 Augustis
288 1182 369 1240 venit
392 1198 408 1239 a
431 1181 562 1260 proavis;
586 1197 675 1259 quem
698 1179 797 1240 dicere
821 1179 910 1258 digno

76 1280 105 1329 to
123 1287 184 1329 nou
208 1269 295 1329 datur
318 1269 448 1349 eloquio,
471 1286 527 1329 nec
551 1269 576 1329 si
599 1268 687 1328 modo
711 1275 813 1346 surgat
834 1268 964 1351 Averno,

124 1359 177 1437 qui
200 1364 288 1418 cantu
310 1357 394 1418 flexit
416 1356 553 1436 scopulos
577 1357 738 1436 digitisque
761 1359 878 1419 canoris

125 1444 268 1525 compulit
291 1449 402 1506 auritas
424 1445 461 1506 ad
484 1446 632 1525 plectrum
655 1464 776 1506 currere
799 1446 900 1527 silvas,

125 1553 195 1596 cum
218 1542 331 1596 starent
353 1534 446 1595 Hebri
468 1534 570 1595 latices
594 1553 743 1614 cursuque
766 1535 855 1614 ligato
902 1567 905 1573 ν

126 1624 259 1685 fluminis
283 1624 401 1684 attoniti
423 1641 543 1684 carmen
566 1627 661 1703 magis
683 1623 762 1685 unda
786 1625 891 1684 sitiret.

76 1724 106 1773 rt
170 1712 247 1773 Huic
270 1712 419 1792 quondam
441 1714 542 1773 iuveni
565 1715 711 1792 reparatio
735 1712 848 1773 eredita
871 1714 953 1791 pacis

127 1801 278 1882 Assyriae3
302 1804 417 1881 stupuit
438 1803 544 1880 primis
569 1819 600 1861 se
623 1801 749 1862 Parthus
773 1803 804 1861 in
828 1804 913 1862 annis

127 1889 286 1951 consilium
308 1909 369 1950 non
391 1891 470 1951 ferre
494 1892 589 1971 senis;
616 1892 796 1950 conterritus
818 1891 927 1972 haesit,

127 1981 254 2057 quisque
278 1980 362 2040 sedet
387 1979 442 2040 suh
465 1997 535 2057 rege
560 1985 687 2058 satraps:
710 1981 752 2040 ita
774 1981 908 2041 vinxerat
930 1998 1035 2041 omnes

127 2067 218 2147 legati
241 2069 354 2146 genius.
395 2075 584 2129 tremuerunt
606 2067 719 2128 Medica
741 2086 825 2150 rura,

78 2167 109 2217 80
128 2174 264 2236 quaeque
288 2157 502 2236 draconigenae
525 2164 626 2236 portas
649 2175 709 2217 non
732 2156 878 2218 clauserat
899 2158 993 2238 hosti,

127 2253 192 2306 tum
215 2245 335 2306 demum
357 2245 489 2325 Babylon
512 2247 601 2305 nimis
625 2251 671 2306 est
694 2244 752 2305 sihi
774 2248 836 2305 visa
858 2254 970 2324 patere.

127 2332 262 2414 partibus
286 2341 316 2395 at
338 2343 494 2414 postquam
518 2336 621 2395 statuit
643 2353 717 2394 nova
740 2333 865 2394 formula
889 2334 994 2394 foedus

127 2423 273 2502 Procopio
297 2422 426 2484 dictante
449 2426 557 2504 magis,
580 2425 697 2483 iuratur
720 2422 756 2482 ah
779 2421 838 2483 illis

128 2513 206 2590 ignis
230 2519 261 2572 et
282 2512 362 2572 unda
385 2512 472 2593 deus,
494 2530 550 2573 nec
573 2530 633 2572 non
656 2519 719 2571 rata
742 2517 827 2589 pacta
851 2512 950 2572 lutura

78 2610 109 2661 85
127 2601 177 2661 hic
201 2599 283 2661 divos
306 2607 433 2662 testatur
456 2619 533 2662 avos.
576 2599 739 2660 Chaldaeus
763 2602 795 2660 in
819 2601 894 2660 extis

126 2690 303 2769 pontificum
325 2690 362 2750 de
385 2707 468 2749 more
491 2708 582 2750 senex
606 2707 712 2749 arcana
734 2691 851 2768 peregit

126 2797 293 2860 murmura3
317 2786 514 2858 gemmantem
536 2785 668 2856 pateram
691 2795 743 2837 rex
767 2780 831 2856 ipse
855 2784 1007 2838 retentans

126 2868 204 2929 ludit
226 2869 396 2929 turicremis
420 2866 571 2928 carehesia
594 2885 723 2928 cernuus
747 2869 815 2927 aris.

128 2958 255 3036 suscipit
277 2957 348 3017 hinc
371 2956 511 3016 reducem
535 2955 677 3034 duplicati
700 2954 818 3016 culmen
841 2954 978 3017 honoris:

76 3056 109 3106 90
129 3047 273 3125 patricius
296 3063 352 3106 nec
375 3063 435 3105 nou
453 3045 645 3124 peditumque
665 3046 857 3123 equitumque
877 3046 1020 3124 magister

130 3135 302 3214 praeficitur
325 3136 445 3214 castris,
468 3133 520 3194 uhi
543 3135 633 3195 Tauri
656 3133 783 3194 claustra
807 3132 970 3195 cohercens

129 3223 347 3303 Aethiopasque
371 3241 460 3302 vagos
483 3222 555 3283 helii
577 3231 692 3283 terrore
715 3222 849 3301 relegans

115 3435 150 3484 64
170 3433 215 3485 sat
233 3447 261 3484 es
280 3447 337 3502 epo,
356 3429 426 3485 satio
445 3430 526 3486 codd.
541 3432 598 3498 1165
618 3447 653 3486 en
671 3429 728 3485 iam
742 3431 798 3487 Leo
812 3433 821 3501 l
836 3438 869 3487 66
889 3430 983 3485 lancee
998 3430 1035 3484 M
1044 3429 1059 3501 ll

95 3501 192 3555 fundit
211 3501 235 3557 0
245 3503 255 3571 l
268 3507 301 3556 91
321 3503 354 3556 ut
371 3519 431 3572 cup.
451 3501 500 3557 ubi
519 3500 587 3575 Tbl

88 3599 257 3641 nominem
271 3601 305 3641 adt
319 3602 348 3641 M
352 3602 410 3644 chr.
887 3595 927 3644 lh
