2414 3864
140 117 184 182 98
497 115 606 170 crona
625 114 801 182 colorus.

140 273 336 346 quaestuosae
360 266 432 327 fluct
419 273 504 326 ttuan
491 268 558 326 tin
582 264 733 344 segetibus
756 266 863 345 undae,
889 264 969 345 quod
994 265 1098 326 indus
1098 267 1144 324 riu

138 357 264 435 quisque
293 374 350 434 quo
378 354 445 434 plus
473 355 653 435 frequentat,
682 354 739 415 boc
767 357 866 415 minus
893 354 1067 435 naufragat3
1096 356 1144 414 via

138 443 254 505 toribus
274 444 371 525 molle,
392 445 577 505 fructuosum
596 442 772 525 aratoribus,
792 449 879 504 venat
866 442 985 504 toribus
1004 442 1144 523 voluptn

139 551 221 614 sum3
250 534 328 612 quod
356 493 502 594 montium
526 534 649 611 cingunt
636 533 759 593 tdorsa
783 535 902 636 pascuis
927 531 1021 593 latera
1045 532 1144 593 vineti

112 630 259 683 aterrena
282 622 359 683 villis
384 641 489 683 saxosa
507 620 646 702 castellis,
670 639 761 701 opaca
779 621 865 682 lust'
827 628 883 682 tris
903 628 1007 701 aperta
1026 621 1144 683 culturi

138 730 266 773 concava
290 711 422 772 fontibus
446 710 571 789 abrupta
594 710 780 792 llumtnibus3
805 710 884 790 quod
905 710 1035 790 denique
1059 710 1144 772 buin:

137 801 219 861 modi
243 808 302 882 est,
330 808 364 861 nt
391 800 484 861 semel
506 802 603 860 visum
628 800 748 860 advenis
772 799 873 860 multis
897 802 1013 879 patriae
1037 799 1144 861 oblivio

137 909 208 951 nem
228 907 315 969 saepe
334 890 519 968 persuadeat.
552 887 583 950 6.
602 896 685 949 taceo
701 890 850 949 civitatem
864 890 960 968 ipsam
979 891 1026 950 tui
1041 905 1144 969 sempr

139 982 182 1040 sic
207 980 448 1058 amantissimam,
473 986 507 1039 ut
530 977 592 1037 solo
615 977 761 1039 nobilium
784 977 981 1038 contubernio
1006 979 1144 1058 praefert

99 1083 125 1123 10
139 1067 183 1129 nil
206 1066 324 1149 debeas,
348 1069 396 1128 cni
414 1075 447 1128 tu
465 1085 555 1127 manu
574 1069 683 1128 iniecta
701 1067 830 1127 feliciter
848 1074 951 1146 raptus
970 1066 1144 1129 inserebare

138 1159 242 1235 sicque
275 1174 377 1217 omnes
409 1158 595 1236 praesentiae
623 1163 739 1217 vestrae
768 1154 916 1238 voluptas,
950 1156 1031 1235 quod
1061 1163 1144 1217 tame

137 1245 254 1307 nullum
281 1248 371 1306 satias
395 1249 481 1326 cepit.
528 1247 587 1305 iam
616 1245 687 1324 quid
717 1246 785 1305 istic
814 1245 850 1305 de
878 1264 911 1306 re
939 1245 1084 1306 familiari
1111 1253 1144 1306 tu

138 1335 248 1416 dicam,
276 1337 362 1396 cuius
389 1335 439 1396 bic
467 1341 561 1396 status
589 1342 647 1415 est,
674 1341 709 1395 ut
735 1342 816 1394 tuam
844 1352 1005 1414 expensam
1033 1334 1095 1396 hoc
1124 1353 1144 1395 s:

138 1424 255 1485 facilius
278 1423 455 1507 toleratura,
484 1441 542 1503 quo
567 1419 728 1484 crebrius?
763 1441 833 1483 nam
856 1423 996 1485 dominus
1021 1423 1144 1503 agricola

99 1527 125 1568 15
140 1516 166 1574 si
190 1512 282 1574 larem
305 1513 354 1574 hic
377 1514 482 1595 foveat,
506 1515 550 1574 sic
573 1513 644 1572 lacit
668 1519 828 1592 sumptum,
852 1513 930 1592 quod
955 1520 1045 1591 auget
1063 1521 1097 1574 et
1115 1530 1144 1573 re

138 1598 255 1663 ditum'
300 1602 373 1663 baec
401 1622 479 1665 nnus
507 1600 563 1662 tibi
589 1604 722 1661 omnium
746 1603 868 1683 civium,
897 1609 978 1662 certe
1001 1601 1144 1663 bonorun

137 1699 206 1753 voto
229 1693 324 1771 petitu
348 1694 412 1752 vice
435 1695 548 1771 garri03
572 1692 711 1769 quicum
733 1697 814 1751 tanto
838 1690 951 1751 bonore
975 1698 1005 1751 te
1025 1708 1144 1770 poscan‘

138 1787 221 1841 tanto
241 1797 340 1840 amore
360 1781 539 1860 desiderent,
562 1778 696 1858 intellegi
715 1779 801 1840 datur
820 1780 920 1858 gaudii
938 1777 1006 1859 plus
1026 1787 1067 1862 te,
1090 1780 1144 1840 dur

137 1868 248 1929 tribuis
272 1868 350 1948 quod
374 1873 497 1952 rogaris,
521 1875 736 1930 assecuturum.
774 1867 846 1929 vale.

591 2112 693 2177 XXII.

94 2238 123 2279 ²⁰
351 2232 520 2290 SIDONIUS
538 2233 650 2290 LEONI
669 2235 740 2329 SUQ
760 2234 938 2289 SALUTEM.

114 2370 119 2378 ·
207 2346 235 2411 1.
263 2348 315 2410 Vir
342 2348 517 2427 magnificus
539 2347 716 2430 HesperiuS,
744 2367 860 2427 gemma
884 2350 1050 2410 amicorum
1078 2348 1143 2410 litte

135 2458 307 2520 rarumque,
330 2456 427 2517 nuper
445 2436 519 2497 urbe
539 2456 606 2498 cum
626 2438 715 2498 rediit
734 2456 750 2498 e
769 2436 960 2518 Tolosatium,
981 2440 1144 2518 praecipen

136 2537 166 2591 te
190 2530 274 2610 dixit,
297 2535 331 2589 ut
349 2525 545 2606 epistularum
563 2545 665 2586 curam
683 2529 741 2587 iarn
760 2529 927 2587 terminatis
947 2526 1034 2587 libris
1054 2534 1144 2588 carun

138 2626 380 2680 converteremus
418 2614 454 2675 ad
491 2614 592 2675 stilum
624 2615 775 2676 historiae.
830 2617 997 2676 reverentia
1032 2634 1144 2677 summa

97 2718 124 2758 25
139 2726 254 2768 summo
288 2713 318 2766 et
350 2705 457 2765 allecto
492 2702 581 2764 talem
614 2711 702 2783 atque
740 2711 850 2766 tantam
884 2706 1064 2765 sententiam
1096 2723 1143 2766 am

134 2795 262 2876 plector3
281 2795 423 2855 idoneum
443 2795 551 2872 quippe
569 2796 744 2873 pronuntias
764 2794 800 2854 ad
821 2812 910 2873 opera
924 2795 1047 2875 maiora,
1067 2813 1144 2874 quen

135 2885 299 2945 mediocria
321 2890 408 2963 putas
433 2883 571 2942 descrere
591 2882 708 2943 debere.
743 2883 804 2965 sed,
828 2883 907 2962 quod
926 2883 1082 2944 fatendum
1102 2891 1144 2944 est

135 2972 252 3034 facilius
283 2973 376 3033 audeo
404 2971 575 3032 huiusmodi
603 2974 755 3050 suspicere
779 2973 923 3033 iudicium
947 2990 1036 3052 quam
1062 2975 1142 3034 susci

135 3081 208 3142 pere
237 3061 402 3122 consilium.
449 3058 478 3120 2.
507 3078 555 3120 res
584 3060 703 3139 quidem
732 3061 821 3140 digna
853 3080 940 3141 quam
968 3069 1001 3123 tu
1035 3061 1144 3123 iubere:

208 3268 304 3324 9solo
325 3251 453 3333 LNOT,
473 3266 582 3334 soliM,
602 3266 701 3321 sedulo
716 3268 798 3335 Luat
796 3269 894 3323 abaco
907 3271 965 3337 1113
985 3267 1025 3323 sit
1043 3286 1094 3324 om.
1112 3269 1135 3324 0

135 3347 168 3396 14
188 3339 264 3410 quod
283 3339 358 3406 ΜΤ
385 3337 494 3406 equod
513 3340 541 3406 (a
560 3355 627 3394 eros.
644 3337 721 3407 0²)(1
740 3344 749 3408 l
774 3347 806 3394 15
826 3342 855 3393 et
874 3357 924 3395 om.
940 3341 966 3393 Τ
985 3343 994 3410 ΙΙ
1017 3345 1053 3394 20
1072 3343 1144 3396 inser

139 3430 190 3468 om.
188 3358 237 3468 qL
250 3414 259 3482 11
273 3415 308 3465 23
327 3409 411 3480 dixit]
431 3408 472 3462 ait
490 3409 540 3489 ΟΙΙ
558 3414 592 3464 25
611 3411 722 3463 tantam
743 3413 835 3482 atque
848 3410 936 3465 talem
957 3410 980 3465 0
991 3414 1000 3482 l
1015 3417 1050 3466 29
1069 3426 1144 3480 quan

132 3486 165 3538 tu
183 3482 295 3539 iuberes
315 3481 365 3537 sed
383 3497 440 3534 non
458 3479 551 3534 minus
570 3480 657 3552 digna
675 3499 726 3538 om
745 3483 797 3552 Lu
