2392 3854
141 163 205 229 166
494 163 604 218 LIBER
621 161 806 221 SEPTIMUS.

138 313 279 374 audiendi
310 312 485 373 efficaciam:
521 319 672 391 tamquam
703 330 754 374 sus
783 312 920 393 hispidus
947 331 1010 374 non
1032 317 1148 376 antistet

138 402 250 464 auditu.
279 401 451 481 praeierunt
481 401 624 462 odorandi
661 400 867 462 subtilitatem:
902 409 1057 482 tamquam
1092 422 1148 465 non

138 490 298 570 praecedat
319 490 418 552 vultur
441 489 558 552 olfactu.
577 490 750 570 praeierunt
768 490 907 570 gustandi
926 491 1147 554 discretionem:

138 587 289 660 tamquam
323 598 383 640 non
419 579 581 659 plurimum
612 579 682 639 hine
717 597 772 639 nos
809 579 949 640 cedamus
985 588 1017 642 et
1058 584 1147 644 simio.

111 669 210 748 equid
247 669 283 730 de
320 676 401 730 tactu
432 667 550 751 loquar,
586 669 690 747 quinto
731 685 822 729 sensu
862 671 999 748 corporis
1035 667 1147 732 nostri?

137 776 226 836 quem
250 757 308 818 sibi
330 757 535 818 indifferenter
557 763 618 817 tam
640 755 834 837 philosophus
858 775 947 836 quam
970 760 1146 822 vermiculus

137 853 289 926 usurpant
313 853 396 907 taceo
418 846 468 906 hic
491 845 527 906 de
556 845 736 925 appetitibus
768 844 981 928 inlecebrosis,
1013 867 1090 928 quos
1119 851 1147 910 in

137 937 218 996 coitu
249 938 344 995 motui
373 934 494 996 beluino
526 937 625 995 carnis
656 934 801 995 humanae
836 933 973 1013 voluptas
1011 937 1147 999 inclinata

137 1026 342 1085 communicat.
372 1021 400 1084 7.
423 1042 492 1085 eece
517 1041 604 1103 quam
627 1025 780 1084 miseriam
801 1023 977 1103 praeierunt
999 1026 1145 1088 excolunt·

97 1133 123 1173 ao
137 1131 208 1194 que,
239 1115 291 1193 qui
321 1113 408 1194 mihi,
439 1112 517 1192 quod
550 1115 594 1173 eis
624 1112 686 1172 solo
710 1105 752 1173 sis
775 1110 881 1173 obtutu
903 1115 1017 1193 notior,
1040 1115 1146 1195 turgidi

136 1201 287 1263 insultant.
318 1210 363 1263 ast
393 1221 446 1281 ego
478 1201 562 1262 illum
590 1219 708 1280 semper
735 1199 918 1280 Philagrium
941 1202 1043 1284 video,
1067 1207 1146 1266 cuius

137 1293 163 1351 si
185 1295 311 1353 tacentis
334 1291 466 1352 viderem
489 1291 604 1371 faciem,
627 1289 809 1368 Philagrium
826 1308 887 1350 non
905 1290 1050 1353 riderem.
1073 1293 1146 1355 unde

136 1379 209 1442 illnd
233 1380 329 1441 simile
352 1380 502 1459 vulgatum
525 1386 584 1459 est,
612 1378 691 1459 quod
715 1381 756 1439 ait
778 1378 898 1458 quidam
921 1381 953 1441 in
978 1399 1069 1443 causa
1091 1382 1145 1443 dis·

136 1472 201 1547 pari
225 1472 371 1531 sententia
393 1472 471 1549 pari:
494 1464 632 1529 ‘lilium
650 1466 759 1528 Marci
782 1467 970 1529 Ciceronis
994 1470 1146 1550 populus

95 1578 121 1617 rs
136 1558 312 1620 Romanus
344 1576 413 1618 non
450 1556 671 1635 agnoscebat
706 1553 932 1634 loquentem'.
970 1559 1146 1620 conclamata

136 1654 206 1708 sunt
234 1665 362 1726 namque
392 1647 502 1708 iudicio
532 1644 694 1708 universali
724 1647 865 1705 scientiae
895 1645 1026 1725 dignitas
1056 1651 1145 1710 virtus

134 1738 350 1816 praerogativa,
380 1738 465 1796 cuins
496 1735 532 1795 ad
555 1736 716 1795 maximum
741 1733 859 1794 culmen
881 1737 1062 1798 meritorum
1084 1755 1145 1816 gra·

134 1823 222 1884 dibus
246 1823 423 1885 ascenditur.
457 1822 486 1884 8.
509 1826 639 1903 primum
658 1825 747 1883 etiam
765 1822 888 1883 bestiale
907 1841 1027 1905 corpus,
1047 1829 1074 1886 si
1092 1829 1145 1887 iam

135 1912 210 1971 forte
233 1912 392 1973 formatum
415 1919 474 1992 est,
501 1913 644 1991 dignitate
671 1911 857 1973 transcendit
878 1915 1036 1975 materiam
1058 1916 1144 1977 infor·

93 2021 119 2059 ao
133 2019 225 2081 mem3
249 2001 355 2062 deinde
374 2001 499 2062 formato
517 2003 711 2080 praeponitur
734 2019 842 2078 corpus
862 2003 1037 2084 animatum3
1061 2006 1144 2064 tertio

133 2090 286 2168 praecedit
315 2093 442 2151 animam
471 2089 596 2169 pecudis
627 2092 743 2150 animus
772 2089 934 2171 humanos,
965 2095 1050 2173 quia,
1073 2095 1145 2154 sicut

133 2179 257 2240 inferior
281 2187 327 2240 est
350 2198 418 2241 caro
441 2181 528 2261 vitae,
551 2181 595 2240 sio
618 2182 677 2239 vita
700 2180 816 2259 rationi,
835 2180 920 2239 cuius
944 2181 1144 2260 assequendae

134 2264 328 2329 substantiam
351 2277 483 2329 nostram
507 2275 674 2348 compotem
694 2267 767 2327 deus
786 2268 902 2347 artilex,
925 2268 1053 2330 lerinam
1076 2287 1142 2331 vero

133 2361 275 2436 impotem
298 2358 383 2439 leoit3
408 2359 450 2418 ita
473 2365 585 2438 tamen,
610 2356 689 2436 qnod
711 2358 744 2415 in
767 2363 845 2416 statu
867 2359 978 2418 mentis
1001 2358 1143 2420 humanae

92 2466 117 2505 aa
132 2446 223 2525 pollet
258 2447 399 2526 bipertita
435 2447 578 2508 condicio.
614 2464 683 2506 nam
716 2447 793 2505 sicut
824 2446 939 2506 animae
973 2447 1144 2509 humanitus

134 2536 202 2596 licet
225 2539 444 2617 ratiocinantes,
466 2537 588 2597 hebetes
611 2542 711 2595 tamen
733 2535 940 2613 pigrioresque
963 2536 1142 2614 prudentum

133 2633 344 2705 acutarumque
363 2625 513 2687 calcantur
531 2625 660 2703 ingenio,
682 2625 724 2681 ita
743 2625 863 2701 siquae
887 2630 965 2704 sunt,
989 2643 1064 2703 quae
1085 2625 1144 2685 sola

133 2714 260 2775 naturali
283 2717 426 2794 sapientia
449 2717 561 2793 vigent,
583 2712 638 2770 hae
657 2712 821 2789 peritarum
847 2729 879 2771 se
902 2714 1019 2774 meritis
1043 2732 1145 2794 super-

133 2806 228 2863 veniri
252 2803 336 2863 facile
360 2804 533 2865 concedunt.
567 2798 595 2861 9.
616 2816 742 2878 quorum
761 2816 815 2876 ego
840 2799 985 2877 graduum
1008 2802 1144 2864 differen-

91 2910 120 2949 ao
134 2893 205 2950 tiam
243 2892 403 2954 observans
440 2892 523 2953 illum
560 2887 741 2966 Philagrium
778 2888 878 2948 cordis
911 2889 996 2950 oculo
1029 2909 1144 2972 semper

134 2982 269 3060 inspicio,
293 2985 411 3043 enimc
435 2983 551 3043 animus
573 2975 774 3056 potentialiter
797 2985 901 3036 notum
924 2996 1041 3040 morum
1065 2983 1143 3042 simi·

134 3068 258 3128 litudine
282 3069 360 3129 facit.
384 3089 451 3131 nam
474 3069 544 3130 licet
567 3067 654 3126 bonis
678 3064 815 3125 omnibus
839 3066 970 3147 placeas,
1002 3086 1090 3130 nemo
1117 3077 1143 3131 te

133 3157 200 3237 plus
224 3156 313 3217 valuit
336 3161 517 3219 intrinsecus
535 3157 647 3217 intueri
665 3172 753 3234 quam
773 3156 824 3233 qui
843 3155 1011 3218 forinsecus
1030 3158 1144 3219 allectat

205 3316 291 3364 dnos
309 3311 440 3365 cedamus
462 3313 493 3381 Τ,
516 3325 599 3365 nosse
618 3308 750 3362 cedamus
769 3306 913 3375 immm-
935 3326 975 3364 απ
997 3327 1048 3365 nos
1068 3311 1142 3365 dece·

134 3383 251 3436 damus?
274 3384 283 3448 ΙΙ
307 3386 340 3436 15
359 3383 536 3437 conclamata
554 3379 658 3436 LNM
661 3380 696 3448 Τ,
721 3377 892 3432 conclamati
911 3380 943 3447 03
970 3383 1142 3437 conclamata

130 3456 212 3510 sont.-
234 3468 358 3522 namque
377 3455 439 3508 dist.
459 3455 650 3523 Lmtjooosam
671 3451 766 3505 molam
784 3451 979 3506 conclamatae
999 3453 1008 3522 l
1031 3459 1063 3508 16
1081 3452 1142 3508 sant

116 3528 261 3602 namque]
281 3525 453 3598 sancitaque
475 3523 730 3592 Wiloucomttallsn
745 3519 810 3588 plus
827 3525 857 3576 le
878 3522 901 3576 G
911 3524 921 3590 l
