2414 3864
151 146 322 227 SIDONIUS
339 145 484 203 DOMINO
504 147 623 202 PAPAE
641 147 997 206 FONTEIO'SALUTEM.
1036 150 1099 215 145

86 301 122 360 sit
137 297 289 380 censenda
302 295 450 377 beneficii,
468 298 546 376 quod
561 317 577 357 a
591 315 639 359 me
653 304 808 376 peccatore
824 297 966 376 digressis
982 305 1099 359 sanctae

86 388 304 448 communionis
318 387 415 465 portio
429 392 518 465 patet.
541 388 628 447 testis
642 385 749 447 horum
763 393 808 447 θεῖ
821 386 974 447 Vindicius
989 394 1100 469 noster,

87 479 135 556 qui
167 477 290 554 segnius
318 473 440 535 domum
468 493 523 555 pro
549 475 770 536 munificentiae
797 482 913 536 vestrae
945 476 1024 536 fasce
1052 493 1099 536 re-

87 567 207 645 meavit,
236 581 354 643 quoquo
377 562 442 624 loco
471 571 530 645 est,
558 571 728 624 constanter
751 564 914 644 affirmans,
941 582 1009 625 cum
1033 565 1099 625 sitis
1187 622 1190 629 .

89 656 227 733 opinione
245 655 354 734 magni,
373 653 466 731 gradu
483 655 614 734 maximi,
632 670 692 713 non
710 658 811 713 tamen
827 671 892 713 θεεθ
907 671 959 713 vos
973 652 1099 732 amplius
1127 671 1143 712 ε

90 742 230 822 dignitate
254 759 343 822 quam
365 741 535 820 dignatione
554 741 724 802 laudandos.
763 739 792 802 2,
811 741 961 820 praedicat
979 741 1100 802 medeas

89 839 203 893 sanctas
228 837 258 891 et
280 829 414 912 floridas,
437 849 512 910 quae
534 830 700 911 procedunt
723 831 759 891 de
783 838 946 909 temperata
969 849 1100 892 commu-

90 923 188 1000 nione,
217 918 388 1000 blanditias,
416 937 472 978 nec
494 926 593 980 tamen
618 938 655 980 ex
677 919 734 980 hoo
757 921 916 1000 quicquam
938 920 1100 998 pontificali

90 1008 401 1088 deperirepersonae,
424 1008 503 1086 quod
527 1008 685 1069 sacerdotii
707 1009 860 1087 fastigium
881 1027 941 1069 non
964 1009 1100 1089 frangitis

89 1100 239 1179 comitate,
267 1097 319 1157 sed
346 1096 474 1157 flectitis.
524 1096 632 1177 quibus
660 1099 767 1176 agnitis
798 1098 841 1156 sic
868 1097 1037 1178 inardesco,
1067 1105 1141 1159 utro

88 1187 148 1247 tum
180 1204 230 1247 me
258 1188 315 1246 sim
341 1183 546 1246 felicissimum
573 1185 771 1266 iudicaturus,
803 1203 871 1246 cum
898 1186 973 1246 mihi
1000 1204 1100 1247 eoram

84 1278 181 1352 posito
207 1273 262 1335 sub
286 1274 383 1334 diviua
407 1291 462 1352 ope
485 1276 643 1353 contigerit
665 1282 726 1335 tam
749 1292 887 1335 securum
911 1274 947 1334 de
970 1274 1026 1334 deo
1045 1294 1099 1336 suo

84 1371 191 1440 pectus
210 1362 281 1425 licet
299 1364 553 1444 praesumptiosis,
573 1365 645 1424 artis
659 1370 758 1424 tamen
772 1364 872 1423 fovere
888 1362 1099 1442 complexibus.

84 1447 113 1514 3.
137 1453 266 1530 accipite
290 1451 493 1515 confitentem:
517 1455 647 1532 suspicio
671 1452 791 1531 quidem
814 1453 904 1512 nimis
928 1470 1046 1512 severos
1071 1461 1100 1515 et

81 1539 299 1603 imbecillitatis
317 1558 399 1601 meae
419 1543 557 1602 conscius
571 1543 786 1621 aequanimiter
799 1541 862 1601 fero
877 1559 998 1619 asperos
1012 1541 1099 1624 mihi,
1114 1559 1140 1600 ιθ

80 1631 150 1712 sed,
175 1629 255 1710 quod
277 1629 429 1690 fatendum
452 1637 510 1711 est,
533 1630 615 1690 hisce
638 1629 771 1690 moribus
794 1628 910 1690 facilius
933 1629 1114 1691 humilitate'

79 1719 291 1782 submittimur
305 1737 394 1798 quam
407 1718 604 1781 familiaritate
620 1721 776 1780 sociemur.
800 1720 832 1778 in
846 1714 969 1799 summa,
982 1719 1100 1801 viderit,

78 1825 141 1889 qua
167 1809 368 1869 conscientiae
392 1807 459 1869 dote
482 1815 645 1890 turgescat,
673 1811 725 1888 qui
750 1826 782 1869 se
806 1806 1004 1868 ambientibus
1027 1811 1098 1888 rigi-

77 1896 156 1960 dum
180 1896 292 1978 reddit3
315 1913 370 1975 ego
393 1903 493 1957 temen
514 1915 631 1957 morum
649 1896 730 1957 illius
749 1896 910 1958 aemulator
929 1915 995 1958 esse
1014 1916 1098 1976 prae-

77 1987 238 2067 elegerim,
261 1987 313 2064 qui
335 1987 424 2046 etiam
448 1985 533 2066 longe
552 1988 717 2065 positorum
736 1987 861 2047 incitare
880 1988 911 2045 iu
931 2004 962 2046 se
982 1987 1099 2048 affectat
1112 2007 1139 2048 ro

77 2077 233 2136 affectum.
279 2072 309 2136 4.
339 2072 412 2134 illud
440 2092 558 2155 quoque
585 2075 659 2134 mihi
686 2077 766 2135 inter
792 2076 930 2153 maxima
947 2075 1100 2153 granditer

77 2164 170 2226 cordi
199 2170 258 2245 est,
285 2158 364 2243 quod
392 2162 572 2242 apostolatus
602 2166 694 2224 vestri
721 2164 918 2242 patrocinium
946 2165 1100 2242 copiosum

77 2254 252 2315 verissimis
280 2252 407 2312 dominis
435 2254 549 2313 animae
576 2270 672 2332 meae,
700 2251 852 2331 Simplicio
876 2258 906 2312 θῖ
928 2251 1099 2333 Apollinari,

76 2341 245 2403 intermina
272 2342 485 2402 intercessione
514 2341 648 2402 conferre
675 2360 728 2402 vos
756 2342 896 2419 comperi.
942 2342 968 2400 si
995 2359 1099 2401 verum

76 2439 142 2511 est,
172 2447 258 2510 rogo,
286 2436 401 2491 utnon
428 2430 533 2491 habeat
555 2437 652 2491 restra
676 2431 783 2491 caritas
807 2430 910 2510 finem3
939 2431 965 2488 si
991 2428 1138 2490 falsumne

77 2527 142 2600 est,
172 2525 256 2599 peto,
283 2522 317 2578 ut
343 2536 403 2578 nou
431 2518 547 2579 differat
574 2519 683 2579 habere
711 2520 899 2597 principium.
945 2525 1098 2596 praeterea

76 2607 262 2668 commendo
285 2606 422 2685 gerulum
444 2606 622 2688 litterarum,
645 2610 694 2669 cui
717 2610 756 2668 ist
744 2610 797 2686 tio,
821 2607 851 2666 id
876 2612 921 2667 est
944 2609 976 2666 in
998 2606 1098 2666 Vasio-

76 2698 173 2758 nensi
197 2695 305 2774 oppido
334 2695 472 2774 quiddam
494 2698 680 2757 necessitatis
703 2703 838 2756 exortum
862 2697 960 2755 sanari
982 2702 1098 2756 vestrae

77 2786 270 2847 auctoritatis
289 2780 575 2881 reverentiae<que>
592 2785 724 2864 pondere
738 2791 844 2864 potest.
875 2802 989 2868 memor
1003 2787 1099 2845 nostri

76 2891 151 2935 esse
176 2873 312 2955 dignare,
336 2873 453 2933 domine
476 2892 559 2953 papa
659 2903 777 2956 ,Α
1113 2895 1140 2935 θθ

733 2958 882 3055 raideri

158 3062 271 3117 lsits
290 3062 307 3116 ῖ.
326 3062 391 3116 odd.
406 3061 464 3129 Μ’,
481 3079 530 3117 om.
551 3062 583 3116 F
599 3065 609 3132 ΙΙ
627 3069 642 3117 6
661 3061 778 3116 melleas
798 3061 858 3116 PF
875 3063 929 3117 et'
917 3079 950 3117 εθ
967 3079 1022 3143 εθεΙ
1042 3062 1099 3132 Μ’,

76 3128 151 3187 illas
158 3068 203 3200 l,0
219 3133 285 3214 fort,
303 3139 372 3188 recte
384 3134 397 3201 l
410 3140 442 3187 16
461 3134 574 3200 quode
593 3135 609 3189 i.
625 3135 687 3189 odd.
703 3134 760 3213 ΜῙ,
778 3149 828 3188 om.
849 3132 940 3202 01117
960 3133 1100 3189 sociemur

76 3219 156 3260 corr.
174 3205 207 3260 εἐῖ
225 3202 364 3258 sociemur
381 3203 439 3272 M1,
458 3205 592 3258 sotiemur
610 3205 649 3273 F,
668 3202 806 3258 sociamur
825 3203 896 3273 01³1
912 3203 1016 3259 videris
1036 3205 1100 3261 Get

77 3279 169 3339 (θθεε.
192 3277 225 3330 io
248 3273 354 3329 viderit
376 3275 434 3343 M1)
439 3275 477 3328 M
495 3277 504 3343 l
529 3281 561 3329 19
580 3274 783 3345 praeelegerim
809 3277 904 3346 culpo,
931 3274 1100 3345 perlegerim

77 3347 163 3428 codd.
177 3349 237 3416 ill
256 3345 381 3401 conferre
397 3363 447 3402 θεθ
464 3346 488 3401 0
497 3350 506 3416 ΙΙ
520 3352 554 3400 29
573 3349 802 3414 reverentiaeque
816 3346 1001 3418 Ιθθθῖᾷθὴθθθ,
1020 3363 1099 3400 reve·

76 3419 151 3471 rent
151 3417 195 3472 iae
214 3419 308 3486 codd;
325 3435 364 3474 oo
381 3417 567 3472 reverendae?
585 3422 594 3488 p
675 3427 677 3432 '

129 3600 295 3644 Aronnmem
307 3604 343 3646 ed.
357 3604 385 3644 Μ
387 3607 445 3650 obt.
938 3602 978 3653 m
