2414 3864
134 156 178 222 82
487 155 596 211 cicun
615 154 792 220 ouunrus.

136 323 235 367 curus.
285 323 414 385 namque
442 306 473 365 in
506 305 570 365 loro
602 305 654 365 tali
685 308 745 365 sive
774 304 925 365 Athenaeo
956 306 1025 385 plns

135 403 234 455 vestra
257 412 346 473 quam
369 401 471 453 nostra
495 396 642 472 scriptura
665 393 840 455 laudabitur.
878 394 949 455 vale.

614 619 669 686 IX.

307 740 475 796 sinemus
493 742 692 798 mensurno
713 742 782 797 suo
802 742 982 800 saturnu.

204 854 231 918 1.
250 856 400 916 Interveni
414 858 548 934 proxime
562 855 663 916 Vectio
678 856 798 916 inlustri
811 858 875 916 viro
891 865 920 917 et
939 861 1033 919 action

106 946 298 1008 scotidianas
321 947 507 1023 penitissime
529 951 559 1006 et
577 944 668 1004 veluti
687 963 723 1005 ex
743 947 803 1005 otio
822 948 947 1025 inspexi.
987 967 1033 1027 qu:

134 1039 215 1096 niam
238 1035 342 1112 dignas
362 1036 482 1112 cognitu
499 1035 609 1114 inveni,
632 1051 692 1094 non
711 1034 848 1113 indignas
863 1034 958 1095 relatu
975 1040 1033 1097 exis

133 1127 265 1204 primore
298 1121 376 1202 loco,
409 1122 487 1201 quod
520 1125 585 1183 iure
618 1125 726 1183 ceteris
758 1123 894 1184 laudibus
928 1133 1033 1205 antepo

135 1221 232 1274 servat
254 1211 398 1272 inlaesam
416 1211 536 1272 domino
554 1211 661 1272 domus
679 1229 733 1290 par
751 1213 938 1295 pudicitiam;
963 1233 1032 1275 serv

136 1296 256 1386 (rustici
287 1302 443 1381 morigeri,
480 1300 587 1361 urbani
619 1303 707 1361 amici
741 1300 932 1363 oboedientes
965 1310 1033 1383 patr

94 1413 121 1453 ro
135 1383 296 1473 contenti),
319 1407 422 1450 mensa
442 1407 503 1450 non
521 1393 621 1449 minus
639 1408 765 1468 pascens
783 1391 931 1470 hospitem
951 1411 1033 1471 quan

133 1488 208 1561 tem3
240 1480 408 1539 hnmanitas
441 1479 561 1557 grandis
594 1479 792 1558 grandiorque
826 1480 981 1541 sobrietas

134 1569 254 1648 leviora,
278 1566 356 1646 quod
374 1570 449 1649 ipse,
473 1586 562 1646 quem
580 1567 739 1648 loquimur,
763 1570 794 1628 in
816 1572 901 1648 equis
925 1569 1033 1631 canibu

134 1657 263 1738 pitribus
286 1656 478 1717 instituendis
498 1656 666 1735 spectandis
686 1658 931 1719 circumferendis
950 1659 1026 1719 nulli

135 1747 204 1828 duo,
228 1763 362 1807 summus
385 1748 465 1806 nitor
489 1748 519 1806 in
543 1744 685 1827 vestibus,
713 1745 811 1806 cultus
834 1749 866 1807 iu
890 1748 1028 1829 cingulis,

95 1856 120 1898 15
135 1835 190 1895 dor
212 1837 244 1895 in
271 1833 415 1916 phaleris,
446 1853 608 1913 pomposus
635 1836 785 1915 incessus,
816 1839 932 1896 animus
956 1840 1033 1898 serio

134 1922 285 2004 publicam
307 1923 405 2003 fidem,
428 1922 478 1984 ille
496 1926 641 2002 privatam
660 1926 766 1984 asserit
785 1919 988 2009 dignitatem),
1013 1947 1033 1986 n

134 2031 194 2074 non
228 2014 348 2092 vitians,
381 2014 529 2092 correptio
562 2030 622 2072 non
655 2019 813 2073 cruentans
846 2021 876 2074 et
909 2018 1033 2076 severita

134 2103 374 2181 temperamenti,
402 2120 476 2180 quae
505 2103 628 2161 nonsit
654 2109 749 2162 taetra
776 2102 828 2163 sed
856 2106 969 2164 tetrica.
1018 2103 1033 2167 d

133 2191 207 2252 haec
231 2207 384 2250 sacrorum
407 2190 591 2251 voluminum
609 2189 697 2250 lectio
717 2192 867 2272 lrequenS,
890 2211 944 2271 per
964 2211 1033 2272 quar

93 2280 282 2343 aoedendum
315 2281 433 2359 saepius
467 2282 557 2339 sumit
589 2281 704 2340 animae
735 2279 847 2362 cibum,
879 2282 1010 2360 psalmos

133 2369 259 2450 lectitat,
291 2367 426 2429 crebrius
459 2375 569 2449 cantat3
601 2386 736 2446 novoque
764 2387 873 2446 genere
903 2370 1022 2430 vivendi

134 2458 222 2518 chum
242 2456 370 2536 complet
388 2475 448 2517 nou
467 2456 522 2518 sub
541 2456 658 2536 palliolo
682 2457 733 2517 sed
753 2457 808 2518 sub
826 2459 1033 2538 paludamento

133 2565 201 2607 rum
225 2545 364 2608 carnibus
388 2546 525 2627 abstinet,
548 2545 687 2606 cursibus
711 2546 889 2629 adquiescit,
913 2551 1014 2627 itaque

134 2635 318 2714 delicateque
346 2635 505 2714 religiosus
532 2641 640 2695 venatu
667 2637 761 2695 utitur
786 2655 842 2697 nec
865 2639 961 2697 utitur
984 2656 1033 2698 ver

92 2745 119 2787 aa
133 2720 163 2784 4.
183 2724 274 2785 filiam
292 2726 411 2784 unicam
429 2743 548 2804 parvam
562 2730 631 2802 post
645 2722 758 2784 obitum
772 2727 875 2785 uxoris
889 2725 1026 2787 relictam

134 2812 295 2874 caelibatus
310 2811 362 2872 alit
376 2816 453 2874 avita
470 2813 678 2892 teneritudine,
696 2819 829 2874 materna
844 2814 1007 2896 diligentia,
1026 2836 1033 2895 p

133 2900 329 2982 benignitate3
358 2920 426 2981 erga
454 2901 594 2963 familiam
618 2920 701 2961 snam
729 2919 784 2962 nec
812 2905 843 2962 in
871 2904 1031 2982 proferend

134 2991 204 3068 quio
236 2992 336 3050 minax
368 3010 423 3052 nec
451 2994 482 3051 in
511 2990 693 3050 admittendo
727 2991 850 3051 consilio
884 3011 1012 3071 spernax

133 3085 219 3138 reatu
240 3081 445 3158 investigando
469 3097 649 3159 persequax3
680 3079 882 3140 subiectorum
909 3088 1020 3142 statum

91 3191 121 3232 oo
134 3169 310 3247 cionemque
333 3186 393 3229 non
417 3169 547 3229 dominio
572 3168 624 3228 sed
643 3167 754 3228 iudicio
774 3171 863 3250 regit;
886 3177 973 3248 putes
994 3188 1031 3231 eu

203 3376 322 3430 dicon.
343 3392 392 3431 om.
411 3376 438 3429 L
451 3378 491 3446 114
509 3373 601 3430 vectio
621 3375 655 3428 N
661 3376 727 3430 VM
732 3377 767 3443 T,
786 3374 911 3430 vectioni
932 3377 965 3446 0,
986 3380 1033 3433 vel

132 3452 149 3502 6
166 3445 294 3590 rovbelstatu
315 3445 339 3502 0
357 3451 367 3518 l
391 3452 406 3501 7
425 3446 526 3502 ceteris
544 3463 595 3502 om.
612 3448 652 3516 01
668 3446 889 3503 laudabimuad
912 3452 921 3520 ΙΙ
949 3455 964 3503 9
984 3452 1033 3518 pot

119 3533 179 3584 que
