2414 3864
156 165 327 223 SIDONIUS
343 165 490 224 DOMINO
507 164 626 222 PAPAE
646 165 788 223 GRAECO
808 165 986 223 SALUTEM.
1034 166 1098 231 143

86 317 156 380 dum
176 324 278 378 umen
296 313 449 377 nubilibus
466 317 553 376 annis
571 314 833 395 appropinquabat
862 315 932 376 huic
949 316 999 377 bic
1016 315 1099 377 blan-

88 406 140 468 dus
174 399 340 489 (siquidem
373 422 407 465 ea
438 411 520 466 aetas
550 403 724 486 infantulae,
756 411 790 465 ut
817 404 913 466 adbuc
942 399 1098 489 decenter)

87 513 165 557 nnnc
190 494 336 574 quaedam
358 491 471 574 frivola,
493 511 572 554 nunc
594 492 665 555 ludo
687 499 755 573 apta
776 495 910 573 virgineo
929 502 1029 555 scruta
1047 495 1099 555 do-

88 584 187 664 nabat3
215 582 325 662 quibus
347 584 398 643 isti
420 600 527 661 parum
549 581 711 661 grandibus
734 584 832 643 causis
855 581 1018 662 plurimum
1040 585 1098 644 vir-

91 672 232 751 grmculae
250 674 367 732 animus
386 670 586 750 copulabatur.
615 670 644 733 7.
659 673 728 731 anni
742 671 839 732 obiter
857 670 984 732 thalamo
998 691 1098 751 pares:
1126 688 1139 728 s

93 762 156 840 quid
181 778 283 821 morer
304 756 428 820 multis?
473 759 661 842 adulescens,
685 758 766 820 solus
788 763 900 842 tenuis,
922 763 1099 840 peregrinus

94 849 294 912 filiusfamilias
326 855 356 909 et
387 866 404 908 e
435 851 530 927 patria
561 856 645 928 patre
677 866 738 909 non
769 849 865 910 solum
896 867 955 910 non
982 849 1098 911 volente

95 956 188 1000 renam
208 945 239 998 et
256 940 412 1017 ignorante
430 936 597 1019 discedens,
614 936 743 1016 puellam
757 957 817 998 non
831 939 1004 999 inferiorem
1018 946 1100 1000 nata·

97 1025 175 1108 libus,
196 1025 387 1088 facultatibus
405 1028 600 1107 superiorem,
623 1026 721 1087 medio
740 1029 889 1108 episcopo,
909 1030 977 1107 quia
995 1027 1099 1110 lector,

101 1116 196 1177 solacio
216 1117 343 1197 comitis,
367 1117 435 1193 quia
454 1114 557 1195 eliens,
580 1133 669 1176 socru
687 1134 747 1175 non
765 1118 943 1194 inspiciente
963 1117 1099 1177 substan·
1113 1133 1139 1173 ro

101 1205 168 1286 dam,
190 1223 300 1285 sponsa
322 1221 383 1264 non
406 1203 588 1283 despiciente
611 1222 778 1285 personam,
801 1223 924 1265 uxorem
946 1208 1022 1284 petit
1044 1208 1098 1266 im·

102 1301 184 1370 petrat
205 1294 297 1355 ducit.
343 1292 574 1354 conscribuntur
600 1291 717 1354 tabulae
740 1292 902 1374 nuptiales3
930 1301 959 1353 et
987 1296 1014 1354 si
1041 1313 1099 1374 qua

102 1390 138 1443 est
160 1385 227 1444 istic
250 1380 436 1461 municipioli
463 1384 559 1442 nostri
581 1381 805 1462 suburbanitas,
832 1381 1099 1444 matrimonialibus

101 1467 149 1532 illic
169 1475 281 1533 inserta
303 1471 490 1532 documentis
508 1473 627 1532 mimica
645 1471 780 1550 largitate
798 1473 949 1532 recitatur.
983 1470 1011 1534 8.
1030 1489 1099 1550 per-

103 1566 153 1621 acta
180 1561 458 1638 circumscriptione
490 1559 621 1639 legitima
653 1567 682 1620 et
718 1560 821 1621 fraude
854 1559 991 1620 sollemni
1022 1558 1099 1621 levat
1113 1573 1139 1615 rs

103 1643 207 1711 liutem
235 1652 391 1727 coniugem
418 1667 531 1728 pauper
554 1649 705 1709 adamatus
729 1656 759 1709 et
781 1648 940 1727 diligenter
964 1666 1039 1728 quae
1062 1649 1099 1710 ad

103 1750 222 1800 socerum
256 1741 462 1817 pertinuerant
493 1740 607 1798 rimatis
640 1739 880 1818 convasatisque,
916 1756 975 1798 non
1007 1756 1098 1817 parvo

103 1827 175 1887 etiem
202 1826 358 1889 corollario
385 1825 556 1887 facilitatem
584 1825 848 1905 credulitatemque
876 1828 1098 1888 munificentiae

104 1916 232 1978 socrualis
264 1933 427 1994 emungens
459 1917 593 1994 receptui
624 1917 657 1975 in
683 1917 810 1993 patriam
837 1917 946 1976 cecinit
972 1918 1098 1995 praesti-

104 2003 181 2077 giator
207 2007 344 2066 invictus.
394 2022 452 2083 quo
480 2004 613 2082 prolecto
639 2010 736 2064 mater
762 2003 877 2083 puellae
904 2022 959 2083 pro
992 2005 1099 2084 hyper·
1113 2020 1139 2060 ro

103 2085 190 2155 helicis
222 2095 430 2155 instrumentis
462 2095 559 2172 coepit
591 2095 737 2153 actionem
765 2092 997 2172 repetundarum
1024 2093 1098 2154 velle

104 2194 253 2261 proponere
284 2189 315 2242 et
340 2189 411 2242 tunc
439 2181 558 2242 demum
590 2181 627 2241 de
654 2183 871 2260 mancipiorum
903 2181 1098 2261 sponsaliciae

106 2265 254 2332 donationis
286 2273 434 2350 paucitate
466 2288 613 2349 maerere,
648 2270 765 2349 quando
797 2272 857 2330 iam
889 2270 925 2330 de
957 2278 1099 2349 nepotum

106 2364 300 2421 numerositate
324 2359 477 2438 gaudebat
514 2359 551 2420 ad
573 2359 649 2419 banc
672 2357 844 2437 placandam
867 2366 970 2419 noster
987 2359 1097 2439 Hippo-

107 2439 167 2522 lpus
186 2454 371 2529 perrexerat,
395 2466 462 2508 cum
485 2447 599 2508 litteras
622 2466 703 2507 meas
725 2450 810 2526 prius
834 2446 948 2508 obtulit.
995 2445 1023 2508 9.
1047 2447 1097 2508 ha·
1113 2464 1139 2505 aa

108 2528 167 2596 betis
186 2538 343 2598 historiam
361 2539 476 2597 iuvenis
494 2539 605 2617 eximii,
628 2535 755 2597 fabulam
774 2536 902 2596 Miletiae
921 2535 966 2596 vel
985 2538 1098 2597 Atticae

109 2635 197 2696 parem
243 2625 332 2686 simul
360 2631 389 2685 et
421 2627 565 2704 ignoscite
598 2632 717 2703 praeter
749 2643 875 2703 aequum
908 2625 1098 2704 epistularem

111 2706 243 2776 famulam
265 2716 440 2794 porrigenti,
463 2732 550 2792 quam
575 2713 611 2773 ob
634 2713 690 2774 hoe
714 2713 782 2774 stilo
804 2720 939 2775 morante
963 2715 1099 2797 produxi,

112 2803 208 2864 bnon
233 2811 384 2882 tamquam
407 2806 541 2882 ignotum
564 2805 751 2884 reciperetis,
779 2821 867 2881 quem
891 2805 986 2864 civem
1008 2802 1098 2863 bene·

114 2883 169 2949 ictis
193 2892 371 2953 reddidistis.
416 2894 529 2971 pariter
556 2898 586 2951 et
612 2899 718 2952 natura
745 2898 947 2970 comparatum
970 2899 1029 2974 est,
1056 2900 1098 2974 ut,
1113 2909 1139 2950 eo

116 2974 199 3048 qubus
228 2981 427 3060 impendimus
460 2981 604 3061 studium,
635 2988 820 3059 praestemus
850 2981 996 3041 affectum,
1046 3000 1098 3041 vos

115 3075 168 3123 tero
190 3068 377 3131 Eustachium
403 3069 573 3148 pontificem
605 3076 675 3131 tunc
708 3088 744 3129 ex
774 3087 840 3129 asse
868 3069 957 3147 digno
989 3070 1099 3130 herede

117 3144 253 3220 decessisse
277 3158 493 3240 monstrabitis,
520 3161 559 3240 si,
587 3165 620 3220 ut
641 3160 817 3238 propinquis
844 3162 1028 3239 testamenti,
1056 3161 1100 3219 sic

117 3432 120 3453 t
174 3382 276 3437 lannis
294 3401 345 3439 om.
363 3382 386 3438 0
396 3387 546 3450 ldmoror
560 3384 591 3436 F
611 3386 620 3453 ΙΙ
643 3388 659 3436 8
679 3385 720 3453 et]
740 3381 867 3438 etiam&
877 3386 886 3451 ΙΙ
902 3388 933 3436 13
953 3384 996 3435 est
1014 3380 1104 3436 om.0

117 3454 124 3572 l
137 3444 278 3578 mon?
298 3455 390 3578 0.,l.¹.9
409 3454 525 3509 ⁸⁰⁰f³lifl
544 3455 581 3509 M
584 3455 631 3526 Pl
645 3461 679 3511 26
697 3454 815 3511 fabulae
833 3456 917 3511 motio
933 3453 1118 3520 Luetiobonu

208 3537 221 3574 θ
261 3527 547 3598 ,marcraeMOPq
