2392 3854
145 157 209 222 160
491 155 806 230 nmnnsnrnmus.

144 305 311 385 descendit,
340 306 391 383 qni
418 311 469 365 aut
491 303 658 366 litterarum
681 311 732 365 aut
754 303 892 366 altarium
910 304 1067 366 cathedras
1090 321 1149 367 cum

145 397 193 455 sui
216 395 329 456 ordinis
352 393 438 454 laude
462 400 631 455 tenuerunt.
668 411 739 454 sane
763 396 833 474 quia
855 411 984 473 persona
1006 401 1150 455 matronae

145 484 342 545 verecundam
356 484 597 561 succinctamque
611 484 659 544 sui
673 484 765 562 exigit
778 484 970 564 mentionem,
989 489 1151 544 constanter

145 572 343 634 adstruxerim
358 571 539 651 respondere
558 571 640 633 illam
657 572 796 633 feminam
812 571 988 633 sacerdotiis
1002 575 1149 651 utriusque

117 661 288 742 sfamiliae,
319 660 366 722 vel
397 660 450 722 ubi
481 660 587 722 educta
618 662 713 721 crevit
738 660 785 721 vel
812 659 864 720 ubi
892 660 986 722 electa
1013 662 1150 740 migravit

144 751 221 811 tilios
240 750 326 811 ambo
345 750 421 810 bene
437 757 467 810 et
484 749 648 827 prudenter
662 752 830 830 instituunt,
849 747 958 827 quihus
973 755 1150 829 comparatus
1191 750 1194 775 ¹

144 846 229 919 pater
251 840 320 899 inde
344 837 459 899 felicior
482 840 589 918 incipit
610 856 685 918 esse,
708 839 777 916 quia
795 839 933 898 vincitur
970 835 1023 900 25.
1042 845 1074 899 ct
1092 839 1151 918 quia

145 930 323 1004 sententiam
346 929 498 1006 parvitatis
521 945 604 987 meae
628 929 659 988 in
681 926 737 987 hac
755 925 900 987 electione
919 925 1076 989 valituram
1094 943 1151 988 essc

146 1018 276 1097 iurastis,
295 1014 443 1095 siquidem
461 1033 522 1076 non
540 1022 588 1076 est
605 1014 729 1076 validius
749 1015 848 1076 dicere
868 1024 1058 1097 sacramenta
1073 1031 1151 1096 quam

106 1123 132 1164 ιο
146 1104 291 1165 scribere:
319 1106 493 1165 innomine
516 1106 610 1183 patris
633 1111 663 1165 et
686 1103 740 1164 lilii
758 1110 794 1168 ¹et
816 1105 941 1183 spiritus
965 1107 1062 1166 sancti
1085 1104 1150 1166 Sim·
1178 1156 1181 1161 .

145 1193 253 1272 plicius
277 1199 331 1275 est,
355 1212 444 1274 quem
466 1194 636 1272 provinciae
659 1199 778 1254 nostrae
797 1192 1068 1276 metropolitanum
1090 1193 1151 1254 civi·

145 1284 199 1342 tati
226 1290 341 1344 vestrae
370 1300 518 1343 summum
549 1281 732 1351 sacerdotem
759 1282 826 1342 lieri
853 1281 962 1343 dehere
991 1282 1150 1363 pronuntio.

146 1391 197 1431 vos
212 1379 310 1434 antem
329 1371 365 1432 de
380 1373 444 1431 viro
459 1389 524 1451 quo·
537 1369 688 1450 loquimur
706 1373 732 1431 si
750 1388 857 1432 novam
874 1373 1053 1434 senteutiam
1066 1386 1152 1433 meam

58 1477 73 1501 ·
147 1463 320 1542 sequimini,
345 1460 507 1521 secundum
530 1466 660 1535 vestram
682 1466 814 1520 veterem
837 1467 1007 1521 consonate.

580 1703 612 1769 X
649 1702 719 1768 XI.

109 1839 134 1880 15
240 1788 408 1880 smomus
426 1824 571 1880 commo
590 1700 711 1912 radan)
729 1823 874 1880 eunuco
895 1825 1073 1884 saturnu.
1111 1900 1114 1906 ,

217 1936 244 1999 1.
272 1938 392 1998 Invideo
420 1938 555 2000 felicitati
583 1937 837 1999 consuetudinarii
863 1941 1033 2022 portitoris,
1060 1959 1076 2002 a
1102 1956 1152 2020 quo

149 2029 273 2105 contigit
302 2030 421 2106 saepius
444 2046 496 2087 vos
519 2027 622 2088 videri.
660 2027 712 2086 sed
736 2027 807 2106 quid
831 2027 867 2088 de
890 2028 1028 2090 Amantio
1050 2029 1152 2109 loquar,

150 2134 218 2177 cum
237 2118 317 2195 ipsas
336 2135 454 2196 quoque
473 2115 586 2177 litteras
609 2133 691 2176 meas
710 2115 849 2197 aemuler,
872 2135 947 2196 quae
968 2119 1153 2179 sacrosanctis

150 2206 363 2267 reserabuntur
390 2206 504 2286 digitis,
532 2206 729 2283 inspicientur
753 2202 927 2266 obtutibus?
965 2214 995 2267 et
1018 2225 1071 2287 ego
1094 2207 1153 2268 istic

109 2313 136 2352 ao
150 2297 228 2356 inter
248 2296 405 2355 semiustas
424 2298 503 2355 muri
521 2293 633 2372 fragilis
653 2292 770 2355 clausus
790 2297 940 2373 angustias
958 2294 1031 2357 belli
1048 2303 1153 2357 terrore

150 2386 282 2462 contigui
314 2383 462 2444 desiderio
495 2383 531 2443 de
563 2382 647 2442 vobis
679 2400 746 2443 meo
776 2401 963 2463 nequaqnam
994 2385 1153 2446 satisfacere

148 2476 313 2552 permittor.
360 2479 447 2552 atque
476 2475 587 2532 utinam
615 2471 688 2532 haec
716 2478 796 2532 esset
818 2472 966 2534 Arvernae
995 2473 1089 2535 forma
1115 2469 1153 2532 vel

150 2580 238 2622 causa
262 2563 401 2642 regionis,
424 2570 457 2621 ut
480 2563 579 2620 minus
599 2559 784 2620 excusabiles
803 2561 1028 2624 excusaremur!
1062 2561 1091 2624 2.
1110 2559 1154 2623 sed

151 2651 230 2728 quod
254 2651 299 2711 est
322 2651 439 2730 durius,
464 2668 518 2728 per
541 2650 703 2709 iniustitiae
726 2656 845 2711 nostrae
868 2653 976 2711 merita
999 2653 1154 2731 conficitur,

111 2747 184 2799 aaut
211 2746 332 2800 excusat
333 2742 361 2799 io
320 2739 475 2799 tnohis
502 2740 580 2798 iusta
603 2755 661 2797 non
690 2736 776 2799 desit.
822 2741 961 2818 quocirca
989 2740 1154 2802 salutatione

151 2828 294 2908 praefata,
322 2830 399 2888 sicut
425 2845 489 2888 mos
516 2828 613 2906 poscit
641 2825 744 2908 oflicii,
775 2845 886 2906 magno
910 2847 1000 2908 opere
1028 2829 1154 2909 deposco,

151 2922 185 2973 ut
211 2918 332 2976 interim
359 2907 516 2979 remittatis
545 2917 729 2975 occursionis
757 2915 890 2976 debitum
919 2916 966 2977 vel
993 2918 1084 2979 verba
1106 2915 1154 2978 sol-

151 3005 240 3063 venti.
287 3022 354 3064 nam
381 3004 408 3066 ‘si
435 3004 620 3066 commeandi
648 3003 770 3064 libertas
798 3023 870 3084 pace
894 3014 1065 3110 revocetur,
1091 3002 1154 3067 illud

224 3225 360 3281 eiuratis
379 3230 438 3284 ΕΤ
463 3232 473 3300 tl
502 3236 533 3284 13
553 3245 609 3296 quo
632 3230 723 3298 codd„
746 3245 830 3296 quem
848 3229 1041 3301 Incetjoltaum
1066 3232 1112 3288 sed
1127 3228 1156 3296 cf.

152 3299 250 3354 Ruris.
269 3314 310 3367 ep
325 3300 421 3366 11,29
444 3301 479 3355 de
503 3316 601 3369 ceusu,
626 3317 683 3368 qua
704 3299 774 3354 mihi
793 3299 915 3354 scribere
939 3275 1051 3372 dignati
1069 3301 1133 3358 estis
1148 3299 1155 3357 l

154 3378 186 3425 17
207 3368 329 3438 contigit
346 3371 411 3426 LN
414 3373 445 3441 Τ
466 3371 606 3453 contingit
624 3373 708 3442 mot
722 3375 755 3426 18
774 3387 851 3425 meas
870 3388 920 3427 om.
942 3373 966 3428 0
975 3376 985 3442 ΙΙ
998 3379 1033 3428 23
1052 3387 1155 3429 excusae

150 3458 247 3508 remur
265 3440 400 3509 NMGT,
423 3442 609 3498 iudicaremur
627 3443 706 3512 LV;
724 3444 759 3507 cf.
778 3442 875 3500 Rustic.
894 3460 934 3512 ep.
949 3445 976 3513 I,
990 3449 1010 3500 2
1028 3445 1065 3499 ad
1083 3459 1155 3500 exon·

141 3515 252 3572 sendus
273 3513 518 3573 excusationesct
538 3514 638 3572 Psotm
655 3487 706 3570 146
711 3515 772 3583 ‚all
