2414 3864
131 124 197 188 328
509 123 661 179 duumuir
679 125 765 182 ΧΧΠ.

586 340 690 406 XXII.

246 460 415 517 SIDONIUS
434 461 568 517 PONTIO
588 461 749 517 LEONTIO
769 461 838 518 SUO
858 461 1026 519 SALUTEM

203 573 231 636 1.
263 575 338 636 Dum
368 576 446 655 apud
476 574 645 636 Narbonem
676 577 825 656 quondam
854 575 992 638 Martium
1019 576 1105 648 dicim,

134 664 187 724 sed
212 682 307 743 nuper
330 664 440 724 laetum
462 683 561 724 moras
585 672 686 745 necto,
718 665 810 725 subiit
837 667 970 727 animum
992 663 1104 745 quospiam

136 753 299 814 secundum
319 771 449 813 amorem
471 761 555 813 tuum
578 753 767 814 hexametros
790 757 971 815 concinnare
1000 754 1040 815 rel
1062 766 1104 811 cor·

106 843 220 922 odere,
251 841 359 920 quibus
389 840 474 902 lectis
507 842 614 921 oppido
645 845 752 924 scires,
785 845 842 904 etsi
870 846 989 922 utrique
1009 848 1106 904 nostruu

135 931 293 1009 disparatis
324 949 418 1008 aequo
448 929 616 1009 plusculum
645 931 718 992 locis
749 930 793 992 lar
822 932 976 993 familiaris
998 931 1107 1004 incolitur,

135 1038 194 1079 non
225 1019 336 1079 idcirco
363 1026 425 1079 tam
451 1019 537 1080 nobis
564 1023 697 1081 animum
724 1020 870 1081 dissidere
899 1040 987 1101 quarn
1012 1021 1108 1101 patriam

135 1107 164 1169 2.
188 1108 279 1169 habes
294 1110 385 1186 igitur
398 1108 446 1168 hic
465 1108 627 1187 Dionysum
645 1111 724 1170 inter
742 1110 888 1189 triumphi
905 1111 1000 1172 Indici
1017 1109 1108 1170 oblecta·

135 1205 233 1258 menta
265 1204 459 1277 marcentem3
491 1197 583 1258 habes
615 1205 645 1258 et
675 1197 842 1278 Phoebum,
875 1217 965 1279 quem
995 1199 1046 1260 tibi
1068 1199 1109 1256 iurc

95 1305 121 1343 ιο
134 1289 250 1364 poetico
269 1285 447 1365 inquilinum
466 1287 576 1347 sactum
595 1294 710 1347 constat
728 1305 764 1348 ex
783 1289 914 1369 numine,
933 1288 1016 1349 illum
1033 1285 1111 1348 scilicet
1148 1280 1153 1308 ¹

135 1375 286 1436 Phoebum
309 1374 448 1435 Anthedii
476 1378 535 1434 mei
561 1374 805 1458 perfamiliarem,
833 1378 920 1438 cuius
950 1377 1062 1456 collegio
1082 1371 1111 1429 rit

134 1465 301 1542 praefectus
325 1482 384 1525 non
408 1464 495 1523 modo
519 1466 649 1525 musicos
674 1482 822 1545 quosque,
844 1484 950 1526 rernm
973 1469 1055 1527 etiam
1068 1476 1111 1540 get·

134 1561 259 1633 metras,
287 1553 489 1613 arithmeticos
518 1560 548 1613 et
575 1553 738 1632 astrologos
766 1554 936 1615 disserendi
960 1562 1020 1616 arte
1041 1565 1111 1630 super·

134 1644 228 1722 venit,
257 1642 405 1720 siquidem
435 1640 550 1702 nullum
574 1642 631 1703 hoc
660 1645 793 1704 exactIus
826 1651 1011 1723 compertum
1036 1641 1112 1703 habere

94 1733 317 1810 recensuerim,
342 1730 412 1809 quid
436 1730 535 1791 sidera
556 1730 669 1791 zodiaci
697 1731 831 1813 obliqua,
861 1733 934 1813 quid
964 1733 1112 1813 planctamu

133 1838 221 1903 vaga,
245 1819 315 1897 quid
340 1821 448 1880 exotici
472 1837 573 1898 sparsa
596 1819 791 1898 praevaleant.
828 1819 857 1884 3.
881 1840 952 1882 nam
975 1826 1014 1883 ita
1034 1819 1111 1898 bisul

135 1911 179 1968 sic
198 1908 337 1988 dixerim,
361 1908 503 1968 membris
522 1907 726 1988 philosophiae
745 1909 850 1990 claret,
869 1918 902 1972 ut
921 1911 1051 1972 rideatur
1063 1901 1112 1966 nili

133 1996 279 2058 lulianum
302 1995 472 2077 Vertacum,
495 1996 663 2058 Fullonium
686 1998 893 2080 Saturninum,
923 2002 955 2060 in
978 1999 1055 2060 libris
1071 2008 1111 2053 na·

133 2086 253 2146 theseos
276 2087 474 2163 peritissimos
498 2085 681 2166 conditores,
704 2086 816 2166 absque
839 2089 1003 2168 interprete
1025 2081 1112 2164 ingenio

93 2193 119 2233 20
134 2182 249 2236 tantum
273 2174 451 2252 suffragante
471 2174 621 2236 didicisse.
663 2193 718 2235 nos
736 2179 859 2254 vestigia
879 2177 1029 2239 doctrinae
1046 2171 1112 2252 ipsius

133 2264 289 2324 adorantes
313 2281 412 2323 coram
435 2281 543 2323 canoro
562 2282 655 2343 cygno
679 2283 781 2326 rarum
804 2284 941 2326 anserem
965 2266 1111 2347 profitemur·

134 2353 204 2431 quid
227 2360 258 2412 te
282 2351 407 2430 amplius
430 2349 552 2412 moror?
588 2352 719 2432 Burgum
738 2361 833 2435 tuam,
856 2373 915 2434 quo
935 2358 999 2416 iure
1017 2353 1112 2415 amicum

133 2442 245 2523 decuit,
275 2458 371 2501 meam
402 2441 472 2521 leci,
503 2440 596 2520 probe
625 2445 723 2502 sciens
750 2441 797 2503 rel
824 2447 979 2505 materiam
1001 2443 1050 2504 tibi
1066 2448 1112 2496 etti

133 2529 323 2610 placituram,
346 2532 463 2590 etiamsi
487 2549 522 2590 ex
546 2530 640 2591 solido
663 2549 769 2608 poema
793 2531 984 2610 displiceat..

409 2753 554 2809 BURGUS
572 2753 698 2808 PONTII
716 2753 873 2811 LEONTII.

268 2868 395 2929 Bistonii
418 2866 566 2928 stabulum
590 2870 683 2948 regiS,
707 2867 853 2928 BusIridis
876 2887 960 2950 aras,

223 2957 397 3037 Antiphatae
421 2974 539 3017 mensas
564 2963 593 3017 et
616 2956 740 3017 Taurica
764 2976 855 3035 regna
879 2957 1018 3018 Thoantis

223 3053 311 3124 atque
334 3046 427 3107 Ithaci
449 3047 568 3124 ingenio
592 3045 758 3106 fraudatum
781 3044 847 3106 luce
872 3045 997 3126 Cyclopa

206 3197 284 3253 XXII
302 3205 318 3252 2
339 3199 415 3269 apud
428 3197 585 3251 narbonam
601 3197 694 3267 OPF,
713 3198 838 3253 narbone
856 3199 932 3268 apud
949 3201 992 3268 ΤΙ
1007 3187 1115 3267 quantiam

134 3272 168 3341 P,
188 3270 330 3338 quendam
345 3271 391 3337 Tl
406 3276 422 3324 4
439 3268 485 3323 vel
504 3269 623 3323 condere
643 3285 693 3323 om.
708 3270 846 3324 Strmond.
861 3272 871 3340 ΙΙ
887 3276 919 3324 10
939 3270 1043 3326 seilicet
1053 3248 1117 3341 orest

135 3344 196 3413 ll1⁵
216 3340 343 3409 obliquet
363 3341 388 3394 T
406 3344 415 3409 l
438 3345 471 3395 16
491 3340 600 3394 exotica
620 3339 694 3394 dbP
711 3343 720 3408 ΙΙ
743 3347 775 3395 17
790 3348 855 3410 post
876 3341 948 3396 mihi
967 3343 1027 3397 odd.
1044 3332 1116 3391 iullum

134 3411 270 3467 firmicum
290 3413 415 3468 Votieno.
431 3415 514 3479 3421,
531 3411 594 3478 fort.
605 3418 674 3466 reete
688 3413 697 3481 ΙΙ
711 3416 745 3466 18
758 3410 909 3466 follonium
922 3415 997 3469 codd.
1011 3417 1020 3480 l
1032 3414 1061 3466 20
1071 3402 1116 3455 ‘1⁰⁰'

131 3484 225 3543 ‘'inae
244 3502 294 3544 om.
313 3483 337 3542 0
353 3485 363 3556 l
386 3481 499 3539 Busta.
517 3489 534 3538 3
552 3481 678 3551 Opelopa.
697 3483 767 3549 Leo,
783 3483 930 3551 operosam
948 3485 1030 3552 codd,
1046 3468 1117 3546 05010·
