2414 3864
439 165 592 222 CARMEN
609 167 643 223 Π.
985 168 1051 235 239

76 331 103 380 ro
123 316 268 379 audacter
290 316 376 377 docto
401 334 499 378 coram
523 316 640 377 Victore
665 325 818 398 canentes,

193 412 243 466 aut
264 404 377 466 Phoebi
400 414 450 466 aut
473 413 571 466 vestro
596 407 648 485 qui
672 406 747 467 solet
770 424 821 466 ore
845 406 939 488 loqui;

122 497 177 575 qui
200 494 270 554 licet
292 500 412 555 aeterna
435 497 474 555 sit
496 494 581 555 vobis
606 501 744 574 quaestor
767 498 800 555 in
823 495 903 576 aula,

192 591 346 645 aeternum
369 583 454 644 nobis
478 583 527 644 ille
551 585 694 662 magister
718 586 782 644 erit.

122 690 194 751 ergo
219 672 295 733 colat
317 674 416 732 variae
439 679 481 752 te,
505 675 659 752 princeps,
681 672 779 733 hostia
802 673 933 754 linguae;

76 775 104 823 30
192 779 260 821 nam
284 778 359 821 nova
381 761 490 840 templa
512 761 569 821 tibi
591 769 712 841 pectora
735 769 837 822 nostra
860 762 943 822 lacis.

518 1005 560 1071 H.

409 1126 675 1184 PANEGYRIOUS.

167 1240 308 1320 Auspicio
332 1248 362 1301 et
384 1259 509 1302 numero
533 1243 628 1303 fasces
635 1289 644 1324 ,
667 1242 812 1322 Auguste,
836 1241 982 1302 secundos

123 1331 205 1408 erige
229 1337 259 1390 et
282 1329 426 1409 effulgens
449 1329 588 1391 trabealis
612 1331 689 1392 mole
712 1329 823 1391 metalli

123 1437 234 1480 annum
256 1419 352 1498 pande
375 1437 484 1480 novum
507 1419 611 1480 consul
633 1427 717 1480 vetus
741 1438 775 1480 ac
798 1421 863 1479 sine
886 1419 964 1479 lastu

123 1507 257 1568 scribere
280 1506 327 1568 bis
350 1508 448 1588 lastis3
472 1526 650 1587 quamquam
673 1507 837 1569 diademate
861 1509 975 1568 crinem

90 1597 278 1676 clastigatus
301 1614 351 1658 eas
375 1615 554 1677 umerosque
578 1616 613 1658 ex
637 1615 720 1657 more
743 1599 878 1676 priorum

122 1685 255 1746 includat
277 1685 404 1746 Sarrana
427 1684 571 1766 chlamys,
593 1694 623 1746 te
647 1688 726 1765 pieta
749 1692 884 1764 togarum

121 1792 255 1854 purpura
277 1773 344 1854 plus
369 1776 478 1856 capiat,
502 1777 571 1854 quia
594 1793 643 1835 res
666 1783 711 1835 est
735 1792 853 1853 semper
876 1773 912 1834 ab
936 1792 1008 1835 aevo

122 1881 190 1923 rara
213 1863 354 1942 frequens
377 1863 490 1924 consul.
532 1870 623 1943 tuque
647 1882 663 1923 o
688 1865 737 1924 cui
759 1863 872 1946 laurea,
894 1863 977 1946 lane,

122 1970 221 2012 annua
244 1951 384 2032 debetur,
406 1952 499 2031 religa
522 1960 642 2032 torpore
666 1953 761 2013 soluto

76 2051 104 2101 10
124 2042 227 2120 quavis
250 2041 354 2102 fronde
378 2059 490 2122 comas,
514 2041 612 2102 subita
635 2059 689 2102 nec
712 2041 778 2102 luce
801 2060 941 2121 pavescas

121 2131 267 2209 principis
291 2138 342 2191 aut
363 2135 465 2192 rerum
485 2130 588 2191 credas
612 2130 757 2191 elementa
779 2133 900 2191 moveri.

122 2216 165 2278 nil
188 2224 292 2278 natura
314 2227 415 2280 novat:
439 2220 484 2280 sol
506 2219 555 2280 hic
579 2237 696 2299 quoque
719 2221 800 2280 venit
822 2218 859 2278 ab
883 2225 957 2279 ortu.

122 2307 172 2368 hic
196 2312 254 2388 est,
278 2325 294 2366 o
318 2326 472 2390 proceres,
495 2310 581 2388 petiit
605 2327 692 2388 quem
716 2307 840 2368 Romula
863 2309 957 2368 virtus

123 2403 153 2457 et
177 2414 265 2475 quem
288 2403 386 2457 vester
409 2415 506 2479 amor,
530 2399 579 2458 oui
603 2416 634 2458 se
659 2416 714 2458 ceu
736 2400 813 2457 victa
836 2395 975 2474 procellis

76 2495 103 2546 15
123 2492 212 2564 atque
236 2503 339 2545 carens
363 2493 479 2547 rectore
503 2488 575 2547 ratis
599 2485 767 2565 respublica
790 2486 913 2545 lractam

122 2573 237 2652 intulit,
259 2581 293 2634 ut
316 2574 405 2653 digno
428 2575 536 2636 melius
559 2569 703 2636 llectenda
726 2575 882 2654 magistro,

123 2680 162 2723 ne
186 2669 390 2744 tempestates,
413 2682 451 2724 ue
474 2672 517 2745 te,
539 2665 647 2744 pirata,
670 2665 797 2723 timeret.

123 2758 154 2812 te
178 2769 267 2830 prece
290 2751 418 2812 ruricola
442 2755 577 2834 expetiit,
600 2760 629 2813 te
653 2752 771 2812 loedere
795 2753 913 2811 iunctus

123 2839 266 2921 adsensu,
289 2846 319 2901 te
343 2848 439 2901 castra
461 2841 556 2922 tubis,
579 2848 608 2901 te
631 2842 714 2902 curia
737 2840 856 2920 plausu,

76 2937 105 2992 lo
124 2936 156 2989 te
179 2931 299 3008 punctis
323 2932 470 3008 scripsere
494 2929 591 2990 tribus
614 2929 784 3010 collegaque
808 2930 890 2988 misit

124 3027 155 3079 te
179 3017 266 3079 nobis
289 3036 473 3098 regnumque
497 3017 566 3100 tibi;
591 3019 728 3098 suffragia
752 3026 796 3079 tot
818 3022 901 3098 sunt,

125 3115 234 3186 quanta
257 3106 330 3187 legit
351 3108 504 3169 mundus
534 3108 642 3186 fateor,
664 3107 878 3187 trepidavimus
902 3125 1018 3187 omues,

124 3215 162 3256 ne
186 3195 275 3257 vellet
298 3197 408 3276 collega
430 3198 497 3276 pius
521 3198 694 3276 permittere
718 3204 784 3257 voto

106 3384 120 3439 1
140 3391 173 3440 25
192 3384 307 3440 Victore
326 3385 490 3441 sirmondus
509 3382 553 3439 Pb
585 3386 701 3440 *etore
720 3385 772 3454 P⁸‚
795 3384 903 3439 victure
921 3384 963 3452 M,
983 3382 1047 3436 doo-

76 3471 97 3582 ξ
116 3456 231 3596 ((1)ῑέῃῖὲὲ
241 3463 289 3582 ἳῖί
293 3456 415 3598 ,quilibet
432 3457 519 3511 P⁵M
528 3460 537 3527 l
565 3457 610 3512 11
632 3456 753 3511 seeundo
772 3457 866 3527 Pili
887 3471 939 3509 neo
958 3455 1000 3509 bis
1018 3454 1053 3506 M
