<?xml version="1.0" encoding="UTF-8"?>
<!DOCTYPE html PUBLIC "-//W3C//DTD XHTML 1.0 Transitional//EN"
    "http://www.w3.org/TR/xhtml1/DTD/xhtml1-transitional.dtd">
<html xmlns="http://www.w3.org/1999/xhtml" xml:lang="en" lang="en">
 <head>
  <title>
</title>
<meta http-equiv="Content-Type" content="text/html;charset=utf-8" />
  <meta name='ocr-system' content='tesseract 3.04.00' />
  <meta name='ocr-capabilities' content='ocr_page ocr_carea ocr_par ocr_line ocrx_word'/>
</head>
<body>
  <div class='ocr_page' id='page_1' title='image "./csolliusapollin00apolgoog_0345.png"; bbox 0 0 2392 3854; ppageno 0'>
   <div class='ocr_carea' id='block_1_1' title="bbox 116 138 741 207">
    <p class='ocr_par' dir='ltr' id='par_1_1' title="bbox 116 138 741 207">
     <span class='ocr_line' id='line_1_1' title="bbox 116 138 741 207; baseline -0.002 -12"><span class='ocrx_word' id='word_1_1' title='bbox 116 143 181 207; x_wconf 76' lang='grc'>292</span> <span class='ocrx_word' id='word_1_2' title='bbox 510 138 663 194; x_wconf 75' lang='lat' dir='ltr'>chanun</span> <span class='ocrx_word' id='word_1_3' title='bbox 680 140 741 196; x_wconf 84' lang='lat' dir='ltr'>Vn.</span> 
     </span>
    </p>
   </div>
   <div class='ocr_carea' id='block_1_2' title="bbox 137 282 1161 3213">
    <p class='ocr_par' dir='ltr' id='par_1_2' title="bbox 137 282 1161 3213">
     <span class='ocr_line' id='line_1_2' title="bbox 207 282 869 368; baseline -0.003 -17"><span class='ocrx_word' id='word_1_4' title='bbox 207 282 315 351; x_wconf 77' lang='lat' dir='ltr'>ercidii</span> <span class='ocrx_word' id='word_1_5' title='bbox 339 292 446 350; x_wconf 90' lang='lat' dir='ltr'>veteris</span> <span class='ocrx_word' id='word_1_6' title='bbox 470 291 585 351; x_wconf 84' lang='lat' dir='ltr'><strong>crimen</strong></span> <span class='ocrx_word' id='word_1_7' title='bbox 607 307 736 368; x_wconf 87' lang='lat' dir='ltr'>purgare</span> <span class='ocrx_word' id='word_1_8' title='bbox 759 288 869 349; x_wconf 78' lang='lat' dir='ltr'>valebit</span> 
     </span>
     <span class='ocr_line' id='line_1_3' title="bbox 205 377 932 460; baseline -0.004 -20"><span class='ocrx_word' id='word_1_9' title='bbox 205 380 279 441; x_wconf 89' lang='lat' dir='ltr'>ultio</span> <span class='ocrx_word' id='word_1_10' title='bbox 303 381 478 460; x_wconf 72' lang='lat' dir='ltr'>praesentis</span> <span class='ocrx_word' id='word_1_11' title='bbox 501 381 594 458; x_wconf 91' lang='lat' dir='ltr'>situ,</span> <span class='ocrx_word' id='word_1_12' title='bbox 617 378 677 438; x_wconf 85' lang='lat' dir='ltr'>dux</span> <span class='ocrx_word' id='word_1_13' title='bbox 700 377 811 459; x_wconf 90' lang='lat' dir='ltr'>inclite,</span> <span class='ocrx_word' id='word_1_14' title='bbox 835 377 932 438; x_wconf 89' lang='lat' dir='ltr'>solum</span> 
     </span>
     <span class='ocr_line' id='line_1_4' title="bbox 206 461 992 548; baseline -0.004 -19"><span class='ocrx_word' id='word_1_15' title='bbox 206 470 331 548; x_wconf 78' lang='lat' dir='ltr'>Augusti</span> <span class='ocrx_word' id='word_1_16' title='bbox 354 469 461 530; x_wconf 82' lang='lat' dir='ltr'>subeas</span> <span class='ocrx_word' id='word_1_17' title='bbox 484 485 601 528; x_wconf 94' lang='lat' dir='ltr'>nomen.</span> <span class='ocrx_word' id='word_1_18' title='bbox 648 467 719 546; x_wconf 90' lang='lat' dir='ltr'>quid</span> <span class='ocrx_word' id='word_1_19' title='bbox 743 467 854 528; x_wconf 90' lang='lat' dir='ltr'>lumina</span> <span class='ocrx_word' id='word_1_20' title='bbox 878 461 992 527; x_wconf 83' lang='lat' dir='ltr'>llectis‘?</span> 
     </span>
     <span class='ocr_line' id='line_1_5' title="bbox 137 555 1003 637; baseline -0.006 -17"><span class='ocrx_word' id='word_1_21' title='bbox 137 573 188 620; x_wconf 82' lang='lat' dir='ltr'>oio</span> <span class='ocrx_word' id='word_1_22' title='bbox 207 561 331 619; x_wconf 86' lang='lat' dir='ltr'>invitum</span> <span class='ocrx_word' id='word_1_23' title='bbox 354 558 422 637; x_wconf 89' lang='lat' dir='ltr'>plus</span> <span class='ocrx_word' id='word_1_24' title='bbox 445 575 511 617; x_wconf 90' lang='lat' dir='ltr'>csse</span> <span class='ocrx_word' id='word_1_25' title='bbox 535 557 628 617; x_wconf 92' lang='lat' dir='ltr'>decet.</span> <span class='ocrx_word' id='word_1_26' title='bbox 674 574 735 616; x_wconf 92' lang='lat' dir='ltr'>non</span> <span class='ocrx_word' id='word_1_27' title='bbox 758 558 893 635; x_wconf 81' lang='lat' dir='ltr'><strong>cogimus</strong></span> <span class='ocrx_word' id='word_1_28' title='bbox 915 555 1003 636; x_wconf 89' lang='lat' dir='ltr'>istud,</span> 
     </span>
     <span class='ocr_line' id='line_1_6' title="bbox 208 645 1016 725; baseline -0.005 -17"><span class='ocrx_word' id='word_1_29' title='bbox 208 648 260 708; x_wconf 91' lang='lat' dir='ltr'>sed</span> <span class='ocrx_word' id='word_1_30' title='bbox 284 654 496 708; x_wconf 82' lang='lat' dir='ltr'><strong>contestamur:</strong></span> <span class='ocrx_word' id='word_1_31' title='bbox 519 645 629 707; x_wconf 90' lang='lat' dir='ltr'>Romae</span> <span class='ocrx_word' id='word_1_32' title='bbox 654 663 720 705; x_wconf 90' lang='lat' dir='ltr'>sum</span> <span class='ocrx_word' id='word_1_33' title='bbox 743 652 772 705; x_wconf 90' lang='lat' dir='ltr'>te</span> <span class='ocrx_word' id='word_1_34' title='bbox 797 645 872 706; x_wconf 92' lang='lat' dir='ltr'>duce</span> <span class='ocrx_word' id='word_1_35' title='bbox 896 647 1016 725; x_wconf 90' lang='lat' dir='ltr'>amicus,</span> 
     </span>
     <span class='ocr_line' id='line_1_7' title="bbox 206 732 1021 816; baseline -0.004 -19"><span class='ocrx_word' id='word_1_36' title='bbox 206 739 341 816; x_wconf 83' lang='lat' dir='ltr'>principe</span> <span class='ocrx_word' id='word_1_37' title='bbox 364 742 394 796; x_wconf 89' lang='lat' dir='ltr'>te</span> <span class='ocrx_word' id='word_1_38' title='bbox 417 735 512 795; x_wconf 88' lang='lat' dir='ltr'>miles.</span> <span class='ocrx_word' id='word_1_39' title='bbox 558 752 685 814; x_wconf 87' lang='lat' dir='ltr'>regnum</span> <span class='ocrx_word' id='word_1_40' title='bbox 708 753 768 794; x_wconf 95' lang='lat' dir='ltr'>non</span> <span class='ocrx_word' id='word_1_41' title='bbox 791 736 938 813; x_wconf 91' lang='lat' dir='ltr'>praeripis</span> <span class='ocrx_word' id='word_1_42' title='bbox 961 732 1021 814; x_wconf 92' lang='lat' dir='ltr'>ulli,</span> 
     </span>
     <span class='ocr_line' id='line_1_8' title="bbox 206 823 1016 904; baseline -0.004 -19"><span class='ocrx_word' id='word_1_43' title='bbox 206 844 261 886; x_wconf 95' lang='lat' dir='ltr'>nec</span> <span class='ocrx_word' id='word_1_44' title='bbox 285 827 443 904; x_wconf 88' lang='lat' dir='ltr'>quisquam</span> <span class='ocrx_word' id='word_1_45' title='bbox 465 823 563 886; x_wconf 87' lang='lat' dir='ltr'>Latias</span> <span class='ocrx_word' id='word_1_46' title='bbox 587 823 737 902; x_wconf 77' lang='lat' dir='ltr'>Angustus</span> <span class='ocrx_word' id='word_1_47' title='bbox 760 823 895 902; x_wconf 80' lang='lat' dir='ltr'><strong>possidet</strong></span> <span class='ocrx_word' id='word_1_48' title='bbox 918 840 1016 903; x_wconf 73' lang='lat' dir='ltr'>arces,</span> 
     </span>
     <span class='ocr_line' id='line_1_9' title="bbox 207 892 1131 993; baseline -0.002 -19"><span class='ocrx_word' id='word_1_49' title='bbox 207 933 264 992; x_wconf 91' lang='lat' dir='ltr'>qua</span> <span class='ocrx_word' id='word_1_50' title='bbox 287 920 379 993; x_wconf 91' lang='lat' dir='ltr'>vacat,</span> <span class='ocrx_word' id='word_1_51' title='bbox 402 912 467 973; x_wconf 92' lang='lat' dir='ltr'>aula</span> <span class='ocrx_word' id='word_1_52' title='bbox 489 919 540 974; x_wconf 89' lang='lat' dir='ltr'>tua</span> <span class='ocrx_word' id='word_1_53' title='bbox 563 919 616 972; x_wconf 89' lang='lat' dir='ltr'>est.</span> <span class='ocrx_word' id='word_1_54' title='bbox 661 918 765 993; x_wconf 89' lang='lat' dir='ltr'>testor,</span> <span class='ocrx_word' id='word_1_55' title='bbox 789 929 850 972; x_wconf 93' lang='lat' dir='ltr'>non</span> <span class='ocrx_word' id='word_1_56' title='bbox 874 912 984 973; x_wconf 88' lang='lat' dir='ltr'>sufficit</span> <span class='ocrx_word' id='word_1_57' title='bbox 1005 892 1131 972; x_wconf 60' lang='lat' dir='ltr'>istud,</span> 
     </span>
     <span class='ocr_line' id='line_1_10' title="bbox 137 996 1099 1083; baseline -0.004 -19"><span class='ocrx_word' id='word_1_58' title='bbox 137 1016 245 1064; x_wconf 83' lang='grc'><strong>51555</strong></span> <span class='ocrx_word' id='word_1_59' title='bbox 268 1020 405 1083; x_wconf 80' lang='lat' dir='ltr'>noceam3</span> <span class='ocrx_word' id='word_1_60' title='bbox 429 1009 516 1081; x_wconf 90' lang='lat' dir='ltr'>atque</span> <span class='ocrx_word' id='word_1_61' title='bbox 539 1008 591 1062; x_wconf 89' lang='lat' dir='ltr'>tuo</span> <span class='ocrx_word' id='word_1_62' title='bbox 614 1001 671 1062; x_wconf 89' lang='lat' dir='ltr'>hoc</span> <span class='ocrx_word' id='word_1_63' title='bbox 693 1003 808 1062; x_wconf 89' lang='lat' dir='ltr'>utinam</span> <span class='ocrx_word' id='word_1_64' title='bbox 831 1000 996 1062; x_wconf 90' lang='lat' dir='ltr'>diademate</span> <span class='ocrx_word' id='word_1_65' title='bbox 1018 996 1099 1070; x_wconf 82' lang='lat' dir='ltr'>fiat,</span> 
     </span>
     <span class='ocr_line' id='line_1_11' title="bbox 210 1089 1062 1171; baseline -0.004 -19"><span class='ocrx_word' id='word_1_66' title='bbox 210 1099 243 1152; x_wconf 94' lang='lat' dir='ltr'>ut</span> <span class='ocrx_word' id='word_1_67' title='bbox 265 1089 391 1171; x_wconf 87' lang='lat' dir='ltr'><strong>prosim!</strong></span> <span class='ocrx_word' id='word_1_68' title='bbox 416 1091 541 1151; x_wconf 89' lang='lat' dir='ltr'>suadere</span> <span class='ocrx_word' id='word_1_69' title='bbox 564 1108 664 1150; x_wconf 91' lang='lat' dir='ltr'>meum</span> <span class='ocrx_word' id='word_1_70' title='bbox 688 1097 746 1170; x_wconf 70' lang='lat' dir='ltr'>est,</span> <span class='ocrx_word' id='word_1_71' title='bbox 770 1108 839 1150; x_wconf 92' lang='lat' dir='ltr'>nam</span> <span class='ocrx_word' id='word_1_72' title='bbox 862 1089 956 1150; x_wconf 89' lang='lat' dir='ltr'>Gallia</span> <span class='ocrx_word' id='word_1_73' title='bbox 979 1090 1005 1149; x_wconf 92' lang='lat' dir='ltr'>si</span> <span class='ocrx_word' id='word_1_74' title='bbox 1025 1096 1062 1149; x_wconf 83' lang='lat' dir='ltr'>te</span> 
     </span>
     <span class='ocr_line' id='line_1_12' title="bbox 211 1177 1073 1261; baseline -0.002 -21"><span class='ocrx_word' id='word_1_75' title='bbox 211 1179 396 1261; x_wconf 91' lang='lat' dir='ltr'>compulerit,</span> <span class='ocrx_word' id='word_1_76' title='bbox 420 1197 495 1259; x_wconf 86' lang='lat' dir='ltr'>quac</span> <span class='ocrx_word' id='word_1_77' title='bbox 518 1181 584 1240; x_wconf 92' lang='lat' dir='ltr'>iure</span> <span class='ocrx_word' id='word_1_78' title='bbox 607 1186 715 1260; x_wconf 91' lang='lat' dir='ltr'>potest,</span> <span class='ocrx_word' id='word_1_79' title='bbox 737 1178 794 1238; x_wconf 91' lang='lat' dir='ltr'>tibi</span> <span class='ocrx_word' id='word_1_80' title='bbox 815 1187 920 1258; x_wconf 88' lang='lat' dir='ltr'>pareat</span> <span class='ocrx_word' id='word_1_81' title='bbox 942 1177 1032 1259; x_wconf 90' lang='lat' dir='ltr'>orbis,</span> <span class='ocrx_word' id='word_1_82' title='bbox 1070 1217 1073 1223; x_wconf 87' lang='lat'>·</span> 
     </span>
     <span class='ocr_line' id='line_1_13' title="bbox 210 1265 993 1348; baseline -0.003 -18"><span class='ocrx_word' id='word_1_83' title='bbox 210 1288 247 1330; x_wconf 90' lang='lat' dir='ltr'>ne</span> <span class='ocrx_word' id='word_1_84' title='bbox 270 1265 393 1348; x_wconf 89' lang='lat' dir='ltr'>pereat’</span> <span class='ocrx_word' id='word_1_85' title='bbox 440 1268 515 1328; x_wconf 80' lang='lat' dir='ltr'>dixit</span> <span class='ocrx_word' id='word_1_86' title='bbox 537 1270 707 1347; x_wconf 82' lang='lat' dir='ltr'>pariterque</span> <span class='ocrx_word' id='word_1_87' title='bbox 731 1269 763 1327; x_wconf 91' lang='lat' dir='ltr'>in</span> <span class='ocrx_word' id='word_1_88' title='bbox 786 1267 877 1329; x_wconf 87' lang='lat' dir='ltr'>verba</span> <span class='ocrx_word' id='word_1_89' title='bbox 900 1269 993 1346; x_wconf 92' lang='lat' dir='ltr'>petita</span> 
     </span>
     <span class='ocr_line' id='line_1_14' title="bbox 210 1356 1038 1437; baseline -0.004 -18"><span class='ocrx_word' id='word_1_90' title='bbox 210 1358 260 1418; x_wconf 93' lang='lat' dir='ltr'>dat</span> <span class='ocrx_word' id='word_1_91' title='bbox 283 1365 414 1419; x_wconf 81' lang='lat' dir='ltr'>sanctam</span> <span class='ocrx_word' id='word_1_92' title='bbox 437 1375 505 1417; x_wconf 90' lang='lat' dir='ltr'>cum</span> <span class='ocrx_word' id='word_1_93' title='bbox 528 1357 618 1417; x_wconf 81' lang='lat' dir='ltr'>fratre</span> <span class='ocrx_word' id='word_1_94' title='bbox 641 1357 739 1417; x_wconf 85' lang='lat' dir='ltr'>fidem.</span> <span class='ocrx_word' id='word_1_95' title='bbox 785 1356 926 1437; x_wconf 81' lang='lat' dir='ltr'>discedis,</span> <span class='ocrx_word' id='word_1_96' title='bbox 948 1356 1038 1436; x_wconf 76' lang='lat' dir='ltr'>Avito,</span> 
     </span>
     <span class='ocr_line' id='line_1_15' title="bbox 141 1444 983 1529; baseline -0.001 -22"><span class='ocrx_word' id='word_1_97' title='bbox 141 1461 192 1508; x_wconf 77' lang='lat'>520</span> <span class='ocrx_word' id='word_1_98' title='bbox 211 1455 350 1529; x_wconf 89' lang='lat' dir='ltr'>maestus,</span> <span class='ocrx_word' id='word_1_99' title='bbox 373 1448 425 1526; x_wconf 89' lang='lat' dir='ltr'>qui</span> <span class='ocrx_word' id='word_1_100' title='bbox 447 1444 546 1506; x_wconf 83' lang='lat' dir='ltr'>Gades</span> <span class='ocrx_word' id='word_1_101' title='bbox 570 1448 664 1506; x_wconf 87' lang='lat' dir='ltr'>scires</span> <span class='ocrx_word' id='word_1_102' title='bbox 686 1463 747 1505; x_wconf 94' lang='lat' dir='ltr'>non</span> <span class='ocrx_word' id='word_1_103' title='bbox 769 1463 859 1524; x_wconf 91' lang='lat' dir='ltr'>posse</span> <span class='ocrx_word' id='word_1_104' title='bbox 881 1445 983 1527; x_wconf 84' lang='lat' dir='ltr'>latere,</span> 
     </span>
     <span class='ocr_line' id='line_1_16' title="bbox 212 1534 1064 1615; baseline -0.007 -19"><span class='ocrx_word' id='word_1_105' title='bbox 212 1537 290 1615; x_wconf 89' lang='lat' dir='ltr'>quod</span> <span class='ocrx_word' id='word_1_106' title='bbox 312 1537 428 1615; x_wconf 90' lang='lat' dir='ltr'>possint</span> <span class='ocrx_word' id='word_1_107' title='bbox 451 1536 562 1595; x_wconf 89' lang='lat' dir='ltr'>servire</span> <span class='ocrx_word' id='word_1_108' title='bbox 587 1534 675 1594; x_wconf 88' lang='lat' dir='ltr'>Getae</span> <span class='ocrx_word' id='word_1_109' title='bbox 698 1541 728 1595; x_wconf 89' lang='lat' dir='ltr'>te</span> <span class='ocrx_word' id='word_1_110' title='bbox 752 1536 896 1613; x_wconf 87' lang='lat' dir='ltr'>principe.</span> <span class='ocrx_word' id='word_1_111' title='bbox 942 1548 1064 1614; x_wconf 89' lang='lat' dir='ltr'>namque</span> 
     </span>
     <span class='ocr_line' id='line_1_17' title="bbox 213 1622 958 1704; baseline -0.001 -20"><span class='ocrx_word' id='word_1_112' title='bbox 213 1624 326 1685; x_wconf 86' lang='lat' dir='ltr'>civibus</span> <span class='ocrx_word' id='word_1_113' title='bbox 350 1632 383 1685; x_wconf 94' lang='lat' dir='ltr'>ut</span> <span class='ocrx_word' id='word_1_114' title='bbox 405 1626 500 1704; x_wconf 91' lang='lat' dir='ltr'>patuit</span> <span class='ocrx_word' id='word_1_115' title='bbox 522 1623 649 1702; x_wconf 93' lang='lat' dir='ltr'>trepidis</span> <span class='ocrx_word' id='word_1_116' title='bbox 671 1631 701 1684; x_wconf 93' lang='lat' dir='ltr'>te</span> <span class='ocrx_word' id='word_1_117' title='bbox 725 1622 846 1684; x_wconf 82' lang='lat' dir='ltr'>foedera</span> <span class='ocrx_word' id='word_1_118' title='bbox 869 1624 958 1704; x_wconf 88' lang='lat' dir='ltr'>lerre,</span> 
     </span>
     <span class='ocr_line' id='line_1_18' title="bbox 213 1711 941 1791; baseline -0.001 -18"><span class='ocrx_word' id='word_1_119' title='bbox 213 1721 374 1774; x_wconf 89' lang='lat' dir='ltr'>occurrunt</span> <span class='ocrx_word' id='word_1_120' title='bbox 396 1713 507 1773; x_wconf 88' lang='lat' dir='ltr'>alacres</span> <span class='ocrx_word' id='word_1_121' title='bbox 531 1714 693 1791; x_wconf 89' lang='lat' dir='ltr'>ignaroque</span> <span class='ocrx_word' id='word_1_122' title='bbox 717 1719 785 1773; x_wconf 84' lang='lat' dir='ltr'>ante</span> <span class='ocrx_word' id='word_1_123' title='bbox 808 1711 941 1772; x_wconf 89' lang='lat' dir='ltr'>tribunal</span> 
     </span>
     <span class='ocr_line' id='line_1_19' title="bbox 214 1800 1017 1882; baseline 0.001 -22"><span class='ocrx_word' id='word_1_124' title='bbox 214 1809 362 1882; x_wconf 68' lang='lat' dir='ltr'>sternunt,</span> <span class='ocrx_word' id='word_1_125' title='bbox 385 1809 477 1881; x_wconf 89' lang='lat' dir='ltr'>utque</span> <span class='ocrx_word' id='word_1_126' title='bbox 501 1803 573 1861; x_wconf 91' lang='lat' dir='ltr'>satis</span> <span class='ocrx_word' id='word_1_127' title='bbox 597 1800 716 1861; x_wconf 90' lang='lat' dir='ltr'>sihimet</span> <span class='ocrx_word' id='word_1_128' title='bbox 738 1818 899 1861; x_wconf 93' lang='lat' dir='ltr'>numerosa</span> <span class='ocrx_word' id='word_1_129' title='bbox 922 1801 1017 1862; x_wconf 89' lang='lat' dir='ltr'>coisse</span> 
     </span>
     <span class='ocr_line' id='line_1_20' title="bbox 143 1888 953 1970; baseline 0 -21"><span class='ocrx_word' id='word_1_130' title='bbox 143 1902 193 1950; x_wconf 79' lang='lat'>525</span> <span class='ocrx_word' id='word_1_131' title='bbox 214 1890 352 1949; x_wconf 89' lang='lat' dir='ltr'>nobilitas</span> <span class='ocrx_word' id='word_1_132' title='bbox 376 1892 437 1950; x_wconf 75' lang='lat' dir='ltr'>usa</span> <span class='ocrx_word' id='word_1_133' title='bbox 462 1896 515 1970; x_wconf 91' lang='lat' dir='ltr'>est,</span> <span class='ocrx_word' id='word_1_134' title='bbox 539 1908 627 1968; x_wconf 90' lang='lat' dir='ltr'>qnam</span> <span class='ocrx_word' id='word_1_135' title='bbox 651 1908 720 1951; x_wconf 86' lang='lat' dir='ltr'>sara</span> <span class='ocrx_word' id='word_1_136' title='bbox 743 1889 850 1950; x_wconf 86' lang='lat' dir='ltr'>nivalia</span> <span class='ocrx_word' id='word_1_137' title='bbox 874 1888 953 1951; x_wconf 85' lang='lat' dir='ltr'>Cotti</span> 
     </span>
     <span class='ocr_line' id='line_1_21' title="bbox 213 1977 1044 2058; baseline -0.002 -20"><span class='ocrx_word' id='word_1_138' title='bbox 213 1979 393 2058; x_wconf 83' lang='lat' dir='ltr'>despectant,</span> <span class='ocrx_word' id='word_1_139' title='bbox 416 1981 505 2038; x_wconf 84' lang='lat' dir='ltr'>variis</span> <span class='ocrx_word' id='word_1_140' title='bbox 527 1997 583 2038; x_wconf 92' lang='lat' dir='ltr'>nec</span> <span class='ocrx_word' id='word_1_141' title='bbox 606 1997 667 2039; x_wconf 95' lang='lat' dir='ltr'>non</span> <span class='ocrx_word' id='word_1_142' title='bbox 689 1996 777 2057; x_wconf 89' lang='lat' dir='ltr'>quam</span> <span class='ocrx_word' id='word_1_143' title='bbox 799 1979 936 2057; x_wconf 89' lang='lat' dir='ltr'>partibus</span> <span class='ocrx_word' id='word_1_144' title='bbox 958 1977 1044 2039; x_wconf 86' lang='lat' dir='ltr'>amhit</span> 
     </span>
     <span class='ocr_line' id='line_1_22' title="bbox 213 2066 991 2149; baseline 0.001 -22"><span class='ocrx_word' id='word_1_145' title='bbox 213 2067 359 2146; x_wconf 82' lang='lat' dir='ltr'>Tyrrheni</span> <span class='ocrx_word' id='word_1_146' title='bbox 380 2066 534 2145; x_wconf 88' lang='lat' dir='ltr'>Rhenique</span> <span class='ocrx_word' id='word_1_147' title='bbox 557 2066 663 2149; x_wconf 91' lang='lat' dir='ltr'>liquor,</span> <span class='ocrx_word' id='word_1_148' title='bbox 685 2067 732 2128; x_wconf 89' lang='lat' dir='ltr'>vel</span> <span class='ocrx_word' id='word_1_149' title='bbox 753 2066 841 2146; x_wconf 91' lang='lat' dir='ltr'>longa</span> <span class='ocrx_word' id='word_1_150' title='bbox 864 2067 991 2147; x_wconf 82' lang='lat' dir='ltr'>Pyrenei</span> 
     </span>
     <span class='ocr_line' id='line_1_23' title="bbox 215 2155 1156 2239; baseline -0.001 -22"><span class='ocrx_word' id='word_1_151' title='bbox 215 2175 302 2236; x_wconf 90' lang='lat' dir='ltr'>quam</span> <span class='ocrx_word' id='word_1_152' title='bbox 324 2158 392 2234; x_wconf 90' lang='lat' dir='ltr'>iuga</span> <span class='ocrx_word' id='word_1_153' title='bbox 415 2155 451 2215; x_wconf 92' lang='lat' dir='ltr'>ah</span> <span class='ocrx_word' id='word_1_154' title='bbox 474 2155 604 2234; x_wconf 91' lang='lat' dir='ltr'>Hispano</span> <span class='ocrx_word' id='word_1_155' title='bbox 629 2156 774 2218; x_wconf 91' lang='lat' dir='ltr'>seclusam</span> <span class='ocrx_word' id='word_1_156' title='bbox 796 2159 862 2217; x_wconf 91' lang='lat' dir='ltr'>iure</span> <span class='ocrx_word' id='word_1_157' title='bbox 886 2157 1048 2235; x_wconf 80' lang='lat' dir='ltr'>cohercent,</span> <span class='ocrx_word' id='word_1_158' title='bbox 1152 2234 1156 2239; x_wconf 25' lang='grc' dir='ltr'>Ι</span> 
     </span>
     <span class='ocr_line' id='line_1_24' title="bbox 213 2244 953 2326; baseline -0.001 -19"><span class='ocrx_word' id='word_1_159' title='bbox 213 2245 383 2326; x_wconf 83' lang='lat' dir='ltr'>aggreditur</span> <span class='ocrx_word' id='word_1_160' title='bbox 404 2247 495 2305; x_wconf 92' lang='lat' dir='ltr'>nimio</span> <span class='ocrx_word' id='word_1_161' title='bbox 519 2263 658 2306; x_wconf 91' lang='lat' dir='ltr'>curarum</span> <span class='ocrx_word' id='word_1_162' title='bbox 679 2244 811 2324; x_wconf 91' lang='lat' dir='ltr'>pondere</span> <span class='ocrx_word' id='word_1_163' title='bbox 833 2248 953 2306; x_wconf 88' lang='lat' dir='ltr'>tristem</span> 
     </span>
     <span class='ocr_line' id='line_1_25' title="bbox 145 2312 1161 2414; baseline -0.008 -19"><span class='ocrx_word' id='word_1_164' title='bbox 145 2348 196 2396; x_wconf 85' lang='grc'>530</span> <span class='ocrx_word' id='word_1_165' title='bbox 215 2335 345 2414; x_wconf 88' lang='lat' dir='ltr'>gaudens</span> <span class='ocrx_word' id='word_1_166' title='bbox 368 2334 454 2395; x_wconf 89' lang='lat' dir='ltr'>turha</span> <span class='ocrx_word' id='word_1_167' title='bbox 478 2337 583 2395; x_wconf 91' lang='lat' dir='ltr'>virum.</span> <span class='ocrx_word' id='word_1_168' title='bbox 620 2352 778 2413; x_wconf 89' lang='lat' dir='ltr'>procerum</span> <span class='ocrx_word' id='word_1_169' title='bbox 801 2341 866 2395; x_wconf 89' lang='lat' dir='ltr'>tum</span> <span class='ocrx_word' id='word_1_170' title='bbox 886 2337 1031 2395; x_wconf 83' lang='lat' dir='ltr'>maximus</span> <span class='ocrx_word' id='word_1_171' title='bbox 1047 2312 1161 2391; x_wconf 73' lang='lat' dir='ltr'>unrl⁵⁷</span> 
     </span>
     <span class='ocr_line' id='line_1_26' title="bbox 216 2424 987 2505; baseline -0.001 -21"><span class='ocrx_word' id='word_1_172' title='bbox 216 2425 332 2505; x_wconf 77' lang='lat' dir='ltr'>dignuS,</span> <span class='ocrx_word' id='word_1_173' title='bbox 356 2426 407 2502; x_wconf 91' lang='lat' dir='ltr'>qui</span> <span class='ocrx_word' id='word_1_174' title='bbox 428 2425 541 2503; x_wconf 90' lang='lat' dir='ltr'>patriae</span> <span class='ocrx_word' id='word_1_175' title='bbox 563 2441 721 2502; x_wconf 91' lang='lat' dir='ltr'>personam</span> <span class='ocrx_word' id='word_1_176' title='bbox 745 2431 885 2505; x_wconf 89' lang='lat' dir='ltr'>sumeret,</span> <span class='ocrx_word' id='word_1_177' title='bbox 908 2424 987 2484; x_wconf 88' lang='lat' dir='ltr'>infit:</span> 
     </span>
     <span class='ocr_line' id='line_1_27' title="bbox 215 2510 1004 2592; baseline -0.003 -18"><span class='ocrx_word' id='word_1_178' title='bbox 215 2510 315 2592; x_wconf 68' lang='lat' dir='ltr'>‘quam</span> <span class='ocrx_word' id='word_1_179' title='bbox 338 2532 392 2573; x_wconf 92' lang='lat' dir='ltr'>nos</span> <span class='ocrx_word' id='word_1_180' title='bbox 415 2532 469 2592; x_wconf 89' lang='lat' dir='ltr'>per</span> <span class='ocrx_word' id='word_1_181' title='bbox 491 2515 588 2573; x_wconf 88' lang='lat' dir='ltr'>varios</span> <span class='ocrx_word' id='word_1_182' title='bbox 611 2512 723 2573; x_wconf 90' lang='lat' dir='ltr'>dudum</span> <span class='ocrx_word' id='word_1_183' title='bbox 745 2512 863 2573; x_wconf 88' lang='lat' dir='ltr'>fortuna</span> <span class='ocrx_word' id='word_1_184' title='bbox 887 2512 1004 2573; x_wconf 87' lang='lat' dir='ltr'>labores</span> 
     </span>
     <span class='ocr_line' id='line_1_28' title="bbox 215 2600 1023 2681; baseline 0 -20"><span class='ocrx_word' id='word_1_185' title='bbox 215 2605 350 2681; x_wconf 92' lang='lat' dir='ltr'>principe</span> <span class='ocrx_word' id='word_1_186' title='bbox 374 2602 429 2662; x_wconf 90' lang='lat' dir='ltr'>suh</span> <span class='ocrx_word' id='word_1_187' title='bbox 452 2620 544 2680; x_wconf 90' lang='lat' dir='ltr'>puero</span> <span class='ocrx_word' id='word_1_188' title='bbox 568 2601 673 2661; x_wconf 91' lang='lat' dir='ltr'>laceris</span> <span class='ocrx_word' id='word_1_189' title='bbox 696 2608 773 2662; x_wconf 89' lang='lat' dir='ltr'>terat</span> <span class='ocrx_word' id='word_1_190' title='bbox 796 2619 901 2680; x_wconf 88' lang='lat' dir='ltr'>aspera</span> <span class='ocrx_word' id='word_1_191' title='bbox 924 2600 1023 2681; x_wconf 89' lang='lat' dir='ltr'>rebus,</span> 
     </span>
     <span class='ocr_line' id='line_1_29' title="bbox 217 2688 1112 2771; baseline -0.004 -22"><span class='ocrx_word' id='word_1_192' title='bbox 217 2692 277 2751; x_wconf 87' lang='lat' dir='ltr'>fors</span> <span class='ocrx_word' id='word_1_193' title='bbox 296 2690 425 2771; x_wconf 89' lang='lat' dir='ltr'>longum,</span> <span class='ocrx_word' id='word_1_194' title='bbox 448 2691 506 2751; x_wconf 85' lang='lat' dir='ltr'>dux</span> <span class='ocrx_word' id='word_1_195' title='bbox 525 2709 639 2771; x_wconf 87' lang='lat' dir='ltr'>magne,</span> <span class='ocrx_word' id='word_1_196' title='bbox 663 2692 757 2771; x_wconf 92' lang='lat' dir='ltr'>queri,</span> <span class='ocrx_word' id='word_1_197' title='bbox 776 2708 843 2751; x_wconf 90' lang='lat' dir='ltr'>cum</span> <span class='ocrx_word' id='word_1_198' title='bbox 862 2692 974 2770; x_wconf 93' lang='lat' dir='ltr'>quippe</span> <span class='ocrx_word' id='word_1_199' title='bbox 988 2688 1112 2750; x_wconf 80' lang='lat' dir='ltr'>dolentn</span> 
     </span>
     <span class='ocr_line' id='line_1_30' title="bbox 146 2778 1057 2859; baseline -0.001 -21"><span class='ocrx_word' id='word_1_200' title='bbox 146 2790 197 2838; x_wconf 85' lang='lat'>535</span> <span class='ocrx_word' id='word_1_201' title='bbox 217 2783 343 2839; x_wconf 84' lang='lat' dir='ltr'>maxima</span> <span class='ocrx_word' id='word_1_202' title='bbox 366 2799 434 2858; x_wconf 91' lang='lat' dir='ltr'>pars</span> <span class='ocrx_word' id='word_1_203' title='bbox 458 2780 558 2859; x_wconf 85' lang='lat' dir='ltr'>lucris,</span> <span class='ocrx_word' id='word_1_204' title='bbox 580 2781 693 2858; x_wconf 89' lang='lat' dir='ltr'>patriae</span> <span class='ocrx_word' id='word_1_205' title='bbox 717 2778 787 2839; x_wconf 92' lang='lat' dir='ltr'>dum</span> <span class='ocrx_word' id='word_1_206' title='bbox 809 2778 932 2840; x_wconf 86' lang='lat' dir='ltr'>vulnera</span> <span class='ocrx_word' id='word_1_207' title='bbox 956 2778 1057 2858; x_wconf 88' lang='lat' dir='ltr'>lugens</span> 
     </span>
     <span class='ocr_line' id='line_1_31' title="bbox 218 2866 905 2946; baseline 0.007 -20"><span class='ocrx_word' id='word_1_208' title='bbox 218 2866 466 2929; x_wconf 86' lang='lat' dir='ltr'>sollicitudinibus</span> <span class='ocrx_word' id='word_1_209' title='bbox 489 2867 713 2929; x_wconf 90' lang='lat' dir='ltr'>vehementibus</span> <span class='ocrx_word' id='word_1_210' title='bbox 738 2870 905 2946; x_wconf 82' lang='lat' dir='ltr'>exagitaris.</span> 
     </span>
     <span class='ocr_line' id='line_1_32' title="bbox 217 2956 913 3018; baseline 0.004 -5"><span class='ocrx_word' id='word_1_211' title='bbox 217 2956 269 3015; x_wconf 88' lang='lat' dir='ltr'>has</span> <span class='ocrx_word' id='word_1_212' title='bbox 292 2957 378 3016; x_wconf 90' lang='lat' dir='ltr'>nohis</span> <span class='ocrx_word' id='word_1_213' title='bbox 401 2960 480 3018; x_wconf 92' lang='lat' dir='ltr'>inter</span> <span class='ocrx_word' id='word_1_214' title='bbox 503 2957 601 3018; x_wconf 90' lang='lat' dir='ltr'>clades</span> <span class='ocrx_word' id='word_1_215' title='bbox 625 2976 658 3018; x_wconf 93' lang='lat' dir='ltr'>ac</span> <span class='ocrx_word' id='word_1_216' title='bbox 681 2957 785 3018; x_wconf 84' lang='lat' dir='ltr'>lunera</span> <span class='ocrx_word' id='word_1_217' title='bbox 807 2957 913 3017; x_wconf 89' lang='lat' dir='ltr'>mundi</span> 
     </span>
     <span class='ocr_line' id='line_1_33' title="bbox 218 3045 1074 3126; baseline 0.008 -25"><span class='ocrx_word' id='word_1_218' title='bbox 218 3062 297 3104; x_wconf 90' lang='lat' dir='ltr'>mors</span> <span class='ocrx_word' id='word_1_219' title='bbox 320 3048 429 3106; x_wconf 85' lang='lat' dir='ltr'>vixisse</span> <span class='ocrx_word' id='word_1_220' title='bbox 453 3047 516 3107; x_wconf 87' lang='lat' dir='ltr'>luit.</span> <span class='ocrx_word' id='word_1_221' title='bbox 563 3046 614 3106; x_wconf 92' lang='lat' dir='ltr'>sed</span> <span class='ocrx_word' id='word_1_222' title='bbox 638 3046 708 3106; x_wconf 93' lang='lat' dir='ltr'>dum</span> <span class='ocrx_word' id='word_1_223' title='bbox 731 3065 785 3124; x_wconf 90' lang='lat' dir='ltr'>per</span> <span class='ocrx_word' id='word_1_224' title='bbox 807 3045 897 3106; x_wconf 87' lang='lat' dir='ltr'>verba</span> <span class='ocrx_word' id='word_1_225' title='bbox 921 3054 1074 3126; x_wconf 88' lang='lat' dir='ltr'>parentum</span> 
     </span>
     <span class='ocr_line' id='line_1_34' title="bbox 219 3134 970 3213; baseline 0.008 -23"><span class='ocrx_word' id='word_1_226' title='bbox 219 3134 337 3209; x_wconf 85' lang='lat' dir='ltr'>ignavas</span> <span class='ocrx_word' id='word_1_227' title='bbox 362 3135 485 3195; x_wconf 88' lang='lat' dir='ltr'>colimus</span> <span class='ocrx_word' id='word_1_228' title='bbox 509 3135 589 3213; x_wconf 90' lang='lat' dir='ltr'>leges</span> <span class='ocrx_word' id='word_1_229' title='bbox 614 3141 806 3213; x_wconf 86' lang='lat' dir='ltr'>sanctumque</span> <span class='ocrx_word' id='word_1_230' title='bbox 829 3142 970 3213; x_wconf 90' lang='lat' dir='ltr'>putamus</span> 
     </span>
    </p>
   </div>
   <div class='ocr_carea' id='block_1_3' title="bbox 123 3326 1155 3576">
    <p class='ocr_par' dir='ltr' id='par_1_3' title="bbox 123 3326 1155 3576">
     <span class='ocr_line' id='line_1_35' title="bbox 203 3326 1155 3430; baseline -0.001 -19"><span class='ocrx_word' id='word_1_231' title='bbox 203 3363 252 3411; x_wconf 79' lang='grc'>507</span> <span class='ocrx_word' id='word_1_232' title='bbox 273 3356 379 3410; x_wconf 88' lang='lat' dir='ltr'>crimen</span> <span class='ocrx_word' id='word_1_233' title='bbox 396 3358 500 3413; x_wconf 81' lang='lat' dir='ltr'>veteris</span> <span class='ocrx_word' id='word_1_234' title='bbox 520 3360 545 3413; x_wconf 88' lang='grc' dir='ltr'><em>Τ</em></span> <span class='ocrx_word' id='word_1_235' title='bbox 565 3361 575 3429; x_wconf 72' lang='lat' dir='ltr'>ll</span> <span class='ocrx_word' id='word_1_236' title='bbox 598 3364 648 3412; x_wconf 79' lang='lat'>512</span> <span class='ocrx_word' id='word_1_237' title='bbox 668 3358 768 3429; x_wconf 77' lang='lat' dir='ltr'>arripis</span> <span class='ocrx_word' id='word_1_238' title='bbox 786 3348 852 3430; x_wconf 73' lang='lat' dir='ltr'>Ml}</span> <span class='ocrx_word' id='word_1_239' title='bbox 875 3365 928 3413; x_wconf 88' lang='grc'>515</span> <span class='ocrx_word' id='word_1_240' title='bbox 948 3362 998 3414; x_wconf 81' lang='lat' dir='ltr'>tuo</span> <span class='ocrx_word' id='word_1_241' title='bbox 1016 3376 1064 3416; x_wconf 85' lang='lat' dir='ltr'>ont.</span> <span class='ocrx_word' id='word_1_242' title='bbox 1081 3344 1118 3410; x_wconf 78' lang='grc' dir='ltr'><strong>Γ</strong></span> <span class='ocrx_word' id='word_1_243' title='bbox 1148 3326 1155 3395; x_wconf 77' lang='lat' dir='ltr'>l</span> 
     </span>
     <span class='ocr_line' id='line_1_36' title="bbox 123 3416 1151 3576; baseline 0.002 -95"><span class='ocrx_word' id='word_1_244' title='bbox 123 3429 304 3576; x_wconf 57' lang='lat' dir='ltr'>Ihppeprerp?dp</span> <span class='ocrx_word' id='word_1_245' title='bbox 323 3429 332 3497; x_wconf 74' lang='lat' dir='ltr'>ll</span> <span class='ocrx_word' id='word_1_246' title='bbox 356 3434 405 3482; x_wconf 76' lang='lat'>521</span> <span class='ocrx_word' id='word_1_247' title='bbox 427 3430 502 3497; x_wconf 91' lang='lat' dir='ltr'>quod</span> <span class='ocrx_word' id='word_1_248' title='bbox 520 3447 582 3501; x_wconf 76' lang='lat' dir='ltr'>eyo;</span> <span class='ocrx_word' id='word_1_249' title='bbox 601 3429 670 3499; x_wconf 90' lang='lat' dir='ltr'>quid</span> <span class='ocrx_word' id='word_1_250' title='bbox 687 3431 763 3487; x_wconf 86' lang='lat' dir='ltr'>codd.</span> <span class='ocrx_word' id='word_1_251' title='bbox 781 3429 785 3503; x_wconf 91' lang='grc' dir='ltr'>Ι</span> <span class='ocrx_word' id='word_1_252' title='bbox 801 3447 840 3485; x_wconf 84' lang='lat' dir='ltr'>on</span> <span class='ocrx_word' id='word_1_253' title='bbox 856 3429 991 3500; x_wconf 77' lang='lat' dir='ltr'>iamque?</span> <span class='ocrx_word' id='word_1_254' title='bbox 1009 3433 1082 3504; x_wconf 74' lang='grc'><strong>1557</strong></span> <span class='ocrx_word' id='word_1_255' title='bbox 1104 3416 1151 3472; x_wconf 66' lang='grc' dir='ltr'>θ’*</span> 
     </span>
    </p>
   </div>
   <div class='ocr_carea' id='block_1_4' title="bbox 0 0 1217 3854">
    <p class='ocr_par' dir='ltr' id='par_1_4' title="bbox 0 0 1217 3854">
     <span class='ocr_line' id='line_1_37' title="bbox 0 0 1217 3854; baseline 0 0"><span class='ocrx_word' id='word_1_256' title='bbox 0 0 1217 3854; x_wconf 95' lang='lat' dir='ltr'> </span> 
     </span>
    </p>
   </div>
  </div>
 </body>
</html>
