2414 3864
439 130 590 187 CARMEN
609 131 656 186 IX.

195 280 294 343 Musas
318 289 363 342 sat
385 280 568 342 venerabiles
591 280 699 361 Hoeni,

196 388 294 432 acrem
316 370 532 451 Lampridium,
556 376 653 430 catum
676 370 806 430 Leonem

125 468 180 519 315
200 468 458 539 praestantemque
481 459 552 519 tuba
576 459 767 519 Severianum

197 556 226 609 et
249 553 292 611 sic
316 549 447 610 scrihere
471 566 530 608 non
553 549 652 609 minus
675 548 834 629 valentem,

196 638 311 700 Marcus
334 637 534 709 Quintilianus
557 644 590 697 ut
614 636 734 697 solebat.

240 727 301 788 Nos
324 726 407 787 valde
432 725 542 787 sterilis
565 726 668 786 modos
692 725 836 787 Camenae

197 833 280 878 rarae
304 816 452 876 credimus
475 815 530 875 hos
553 813 694 894 brevique
719 815 849 896 chartae,

128 915 182 965 320
202 924 276 984 quae
301 905 453 965 scombros
477 906 583 964 merito
607 906 751 985 piperque
774 911 879 984 portet.

197 1012 266 1054 nam
290 996 427 1073 quisnam
450 994 523 1054 deus
547 992 603 1052 hoc
627 992 708 1053 dabit
731 995 871 1074 reiectae,

198 1091 231 1143 ut
253 1083 298 1144 vel
323 1084 489 1162 suscipiens
511 1081 606 1141 bonos
629 1082 749 1163 odores,

198 1173 322 1233 nardum
346 1191 380 1233 ao
402 1173 523 1251 pinguia
546 1170 743 1231 Nicerotianis

198 1279 271 1340 quae
295 1262 426 1340 fragrant
452 1259 596 1320 alabastra
618 1262 711 1319 tincta
734 1262 827 1342 sucis,

124 1360 177 1410 325
196 1349 268 1410 Indo
292 1352 448 1411 cinnamon
473 1367 509 1419 ex
532 1366 603 1427 rogo
626 1351 765 1429 petitum,

199 1457 257 1518 quo
280 1438 412 1499 Phoenix
435 1440 599 1498 iuvenescit
622 1437 796 1517 occidendo,

198 1535 326 1609 costum,
348 1526 577 1607 malobathrum,
600 1544 696 1607 rosas,
720 1544 880 1606 amomum,

197 1616 363 1697 myrrham,
386 1623 434 1676 tus
459 1614 738 1694 opobalsamumque
762 1613 881 1677 servet?

200 1712 380 1785 quapropter
402 1704 516 1765 facinus
540 1721 639 1763 meum
662 1710 746 1765 tuere

125 1805 178 1854 330
197 1801 227 1854 et
250 1793 446 1873 condiscipuli
468 1793 524 1854 tibi
547 1791 738 1872 obsequentis

197 1885 360 1963 incautum,
384 1901 503 1963 precor,
527 1899 643 1942 asseras
665 1882 818 1960 pudorem.

197 1990 370 2050 germanum
393 1978 492 2031 tamen
515 1977 583 2030 ante
607 1970 659 2031 sed
683 1979 844 2052 memento,

198 2060 349 2121 doctrinae
373 2059 522 2140 columen,
546 2058 675 2119 Probum
698 2059 853 2141 advocare,

197 2151 248 2209 isti
271 2153 323 2229 qui
346 2149 422 2209 valet
444 2150 606 2210 exarationi

125 2250 177 2300 333
198 2237 373 2300 destrictum
396 2237 493 2298 bonus
517 2237 664 2317 applicare
687 2237 776 2298 theta.

197 2330 265 2388 novi
289 2327 340 2388 sed
363 2326 454 2408 bene,
478 2346 537 2388 non
561 2325 663 2386 refello
688 2326 816 2408 culpam,

196 2434 251 2476 nec
275 2417 369 2477 doctis
392 2415 488 2496 placet
511 2414 667 2494 impudens
690 2421 789 2496 poeta,

199 2505 249 2564 sed
272 2523 328 2565 nec
351 2505 468 2583 turgida
492 2503 698 2565 contumeliosi

198 2593 317 2653 lectoris
340 2597 465 2654 nimium
488 2591 613 2653 verebor
637 2610 701 2672 ora,

125 2694 179 2744 340
199 2684 224 2742 si
247 2689 396 2761 tamquam
420 2685 536 2760 gravior
560 2683 748 2759 severiorque

198 2778 317 2831 nostrae
340 2771 553 2850 Terpsichores
576 2771 675 2830 iocum
697 2770 830 2830 refutans

197 2866 300 2938 rugato
324 2860 395 2921 Cato
418 2863 525 2920 tertius
548 2857 653 2919 labello

197 2966 299 3008 narem
322 2950 569 3009 rhinoceroticam
591 2949 728 3007 minetur.

197 3055 256 3096 non
278 3045 308 3097 te
331 3044 443 3098 terreat
465 3039 514 3098 hic
537 3039 625 3098 nimis
648 3038 776 3117 peritus;

126 3138 299 3187 atavorum
324 3128 350 3187 si
373 3129 475 3206 cupias
497 3127 637 3206 probare,
660 3132 741 3185 tanta

197 3214 296 3276 nullus
320 3218 388 3297 seit,
411 3216 484 3276 mihi
507 3215 608 3296 crede,
632 3221 739 3293 quanta
762 3215 864 3275 nescit.

82 1060 110 1082 η

107 3354 160 3406 317
187 3350 302 3405 volebat
329 3351 355 3406 Τ
384 3353 393 3420 l
424 3357 476 3407 324
502 3351 631 3419 fragrant
656 3352 752 3420 oulpo;
779 3350 901 3420 flagrant
927 3351 1004 3407 codd.
1044 3352 1048 3423 l

66 3425 88 3475 19
107 3425 204 3477 maere
225 3423 282 3492 GP,
302 3425 382 3478 tuaac
402 3423 451 3494 Fit
469 3429 520 3477 333
540 3421 700 3478 districtum
718 3423 794 3478 codd.
817 3424 827 3492 l
849 3428 901 3477 336
921 3422 981 3494 sed]
1002 3438 1033 3476 sa

66 3493 224 3550 fetamque
237 3497 246 3564 ΙΙ
260 3499 311 3549 343
330 3493 447 3549 letricus
465 3496 560 3568 verpe·
578 3495 614 3565 cf.
633 3495 758 3551 Iuoeool.
773 3494 819 3562 Π,
829 3495 896 3562 40h

85 3591 254 3634 Aronnmnrs
268 3594 302 3636 ed.
317 3595 344 3635 M
347 3596 406 3639 ohr.
871 3585 913 3634 Ἣ
