2414 3864
146 140 189 205 90
497 139 604 195 ursus
623 139 801 207 ounnrus.

144 293 243 370 gentia
266 290 364 370 lactet,
387 292 446 350 iam
468 297 568 351 tamen
590 290 666 351 nihil
689 288 725 351 de
750 290 888 370 superbia
912 298 1018 373 tumet,
1041 309 1126 352 novet

143 378 209 439 volo
227 396 297 461 non,
315 385 348 438 ut
367 386 413 439 est
427 379 503 458 apud
518 378 686 458 praesulem
705 381 772 462 fori,
791 383 835 441 sic
853 399 920 442 esse
935 381 1014 460 apud
1029 381 1125 441 iudice

143 468 254 528 muudi.
291 486 419 546 namque
442 475 476 529 ut
498 471 534 549 is,
558 471 609 547 qui
632 471 754 548 propria
776 469 860 530 vobis
879 488 939 530 non
958 469 1125 531 tacucr'tll

143 559 226 638 gitia,
250 557 419 638 damnatur,
447 559 489 618 ita
511 557 668 619 nobiscum
692 561 744 638 qui
767 559 870 619 eadem
894 559 949 619 deo
973 559 1067 620 luerit
1090 577 1124 619 eo

114 647 247 727 ofessus,
271 644 440 707 absolvitur.
473 647 553 707 unde
571 646 684 726 liquido
702 654 784 726 patet
802 649 965 726 incongrue
985 666 1003 708 a
1020 647 1125 728 partib

141 737 248 796 vestris
276 737 366 796 nimis
389 753 475 796 reum
497 738 699 817 pronuntiari,
728 739 813 797 cuius
837 755 926 797 eausa
949 736 1018 816 plus
1042 743 1125 815 spect

141 824 271 885 tribunal
303 824 441 885 alienum.
486 820 516 886 4.
546 833 726 905 quapropter
759 828 964 887 imminentem
993 824 1125 906 querella

140 915 237 974 nostri
259 912 370 973 doloris
394 932 580 993 nequaquam
603 913 714 975 valebis
733 914 859 975 ulterius
885 914 1056 996 effundere,
1081 917 1125 994 qui

141 1000 370 1063 succedentibus
392 1006 545 1082 prosperis
569 1005 630 1063 sive
650 1002 825 1064 obliviscare
849 1022 903 1064 scu
926 1003 1078 1083 neglegas
1093 1022 1125 1083 gr

101 1105 126 1144 10
140 1093 212 1152 tiam
244 1093 408 1173 antiquam,
441 1094 523 1152 iuxta
554 1099 601 1153 est
632 1090 780 1153 acerbum.
830 1093 970 1175 proinde,
1004 1095 1030 1154 si
1059 1093 1125 1154 futu

139 1183 239 1259 magni
266 1183 411 1262 pensitas,
440 1180 537 1241 scribe
561 1180 685 1261 clerIco,
714 1183 740 1241 si
763 1184 945 1263 praesentia,
974 1181 1075 1242 scribe
1099 1200 1125 1241 ct

139 1269 236 1351 legae3
259 1277 290 1330 et
307 1269 383 1330 banc
402 1272 433 1330 iu
452 1278 481 1330 te
500 1272 565 1348 ipse
584 1273 733 1350 virtutem,
758 1273 784 1330 si
802 1270 946 1332 naturalis
965 1278 1021 1352 est,
1045 1270 1125 1332 excel

139 1361 165 1419 si
187 1361 296 1441 minus,
319 1366 352 1420 ut
375 1361 537 1420 insiticiam
556 1377 679 1441 appone,
704 1378 761 1438 qua
781 1358 897 1420 sodales
916 1366 1051 1421 vetustos
1071 1378 1125 1420 nur

62 1448 64 1450 ’
139 1466 227 1526 quam
253 1465 308 1527 pro
325 1456 571 1528 'consequentum
598 1450 728 1509 novitate
752 1447 894 1509 fastidias.
940 1467 1031 1528 porro
1056 1455 1123 1510 aute

98 1549 123 1589 1⁵
138 1537 276 1598 videbere
296 1539 339 1598 sie
358 1539 462 1598 amicis
479 1539 524 1597 uti
543 1540 629 1616 quasi
647 1537 781 1618 floribus,
804 1537 918 1598 tamdiu
937 1540 1040 1619 gratis,
1060 1538 1125 1598 dom

137 1625 317 1687 recentibus.
353 1625 426 1687 vale.

608 1816 678 1882 XV.

330 1937 497 1994 SIDONIUS
515 1938 674 1995 ELAPHIO
695 1939 763 1994 SUO
783 1938 963 1994 SALUTEM.

205 2049 233 2113 1.
261 2051 388 2132 Epulum
412 2051 567 2132 multiplex
590 2060 620 2114 et
643 2055 835 2132 capacissima
859 2052 1045 2113 lectisternia
1068 2069 1125 2131 pan¹

136 2142 273 2221 plurimis
301 2143 370 2222 viis,
403 2139 539 2220 pluribus
567 2141 664 2203 turbis
697 2135 754 2225 (ita
781 2140 927 2202 bonorum
956 2139 1125 2202 contubern

96 2224 229 2315 resedit)
258 2231 294 2291 ad
321 2237 351 2290 te
379 2232 510 2312 venitur,
542 2233 652 2311 quippe
680 2238 836 2310 postquam
868 2229 1006 2291 omnibus
1035 2237 1125 2309 tempv

136 2321 252 2382 futurae
286 2318 482 2380 dedicationis
514 2318 660 2381 inclaruit.
712 2338 779 2380 uam
812 2319 1036 2401 baptisterium,
1075 2336 1125 2397 qur

136 2409 206 2470 olim
238 2408 477 2489 fabricabamini,
510 2408 641 2470 scribitis
673 2427 761 2488 posse
793 2411 852 2470 iam
885 2409 1065 2469 consecrari.
1116 2426 1125 2468 a

136 2517 211 2577 qnae
234 2499 309 2559 festa
328 2515 379 2557 vos
398 2499 460 2558 voti
478 2515 532 2558 nos
551 2499 720 2579 ministerii,
745 2498 836 2558 officii
855 2496 965 2558 multos
984 2495 1056 2557 fidei
1074 2503 1125 2557 toto

136 2605 223 2648 causa
247 2587 399 2668 sollicitat3
424 2587 571 2666 siquidem
594 2605 643 2648 res
662 2595 708 2647 est
730 2587 851 2665 grandis
873 2584 1002 2665 exempli
1022 2603 1057 2646 eo
1078 2593 1125 2646 ten

95 2684 122 2726 25
135 2694 207 2754 pore
227 2695 243 2736 a
261 2675 345 2736 vobis
364 2694 439 2736 nova
458 2674 651 2736 eeclesiarum
671 2674 801 2736 culmina
821 2677 905 2756 strui,
929 2694 987 2755 quo
1007 2677 1057 2735 vix
1077 2673 1125 2735 alit

135 2765 258 2826 auderet
280 2771 396 2826 vetusta
420 2767 540 2826 sarcire.
587 2762 615 2825 2.
641 2765 720 2844 quod
744 2771 845 2846 restat,
869 2771 1015 2846 optamuS,
1039 2770 1074 2825 ut
1097 2763 1125 2824 dt

135 2860 237 2914 nostro
259 2872 314 2933 per
336 2852 446 2914 uberes
469 2871 571 2935 annos,
595 2856 673 2914 sicut
695 2860 761 2914 vota
780 2853 915 2935 redditis,
938 2855 980 2914 ita
999 2852 1125 2914 redden(

134 2944 272 3024 voveatis,
295 2942 385 3022 idque
408 2961 469 3003 non
493 2941 589 3003 solum
612 2942 755 3022 religione
779 2941 873 3003 celata
897 2941 949 3002 sed
973 2949 1004 3002 et
1028 2959 1125 3003 conve:

135 3033 219 3091 sione
238 3031 407 3113 manifesta3
426 3033 618 3111 mitigatoque
637 3039 805 3111 temporum
823 3038 902 3092 statu
919 3039 981 3092 tam
1000 3029 1125 3091 desideri

93 3127 119 3166 ³⁰
134 3137 201 3180 meo
225 3119 360 3180 Christus
389 3121 539 3200 indulgeat
567 3138 656 3200 quam
678 3119 878 3201 Rutenorum,
908 3127 942 3181 ut
969 3122 1095 3199 possitis
1121 3141 1125 3174 v

133 3227 188 3289 pro
207 3207 267 3269 illis
287 3208 393 3270 offerre
413 3210 567 3281 sacrificia,
589 3211 639 3289 qui
658 3211 718 3270 iam
736 3228 790 3289 pro
804 3208 888 3270 vobis
908 3209 1023 3270 offertis
1038 3207 1124 3269 altari

204 3441 220 3491 2
239 3433 308 3507 fori]
327 3432 383 3488 leci
401 3435 428 3488 L
454 3437 464 3505 ιι
491 3439 507 3490 8
526 3434 674 3489 refundere
697 3435 893 3502 Wdamowe'tz,
916 3431 1041 3503 effugere
1060 3433 1116 3489 Leo

132 3513 165 3528 ⁴¹
182 3509 263 3566 aaron
283 3523 334 3565 om.
349 3506 379 3564 L
395 3509 407 3580 ΙΙ
425 3510 460 3562 20
479 3505 561 3564 sedet
579 3506 788 3578 Olposlquem
807 3505 977 3574 Luvmr,
996 3503 1081 3559 simul
1100 3503 1125 3560 0
