2414 3864
93 138 184 192 XXIV
494 135 707 192 PRAEFATIO.

95 288 151 347 hoc
175 286 287 346 leniore
311 289 431 347 nomine
450 306 523 347 usus
543 294 595 347 est.
633 286 801 348 Notandum
819 295 866 349 est
878 288 1110 351 Wonwerenum

95 394 131 436 ex
155 371 291 455 ‘optimo’
315 394 369 436 suo
397 377 499 437 codice
527 395 581 455 pro
610 379 801 438 oboedientes
824 385 1017 454 patronoque
1041 398 1109 442 con-

95 469 170 526 tenti
187 464 321 525 attulisse
337 468 460 527 clientes
469 473 603 542 patrono
618 468 759 546 contenti,
783 465 871 547 quod,
894 466 965 527 licet
982 470 1110 529 reicien-

95 555 167 615 dum
199 556 251 634 sit,
287 562 387 614 tamen
423 556 594 614 testimonio
631 561 677 614 est
709 556 799 615 etiam
834 554 991 616 librarium
1029 557 1110 619 illius

95 643 206 704 codicis
230 645 261 703 in
285 642 427 703 hocloco
456 642 624 703 offendisse.
648 676 690 684 -
714 643 759 723 IV,
780 641 830 725 10,
849 643 869 704 2
892 646 1034 727 libellum,
1057 651 1113 722 qui

92 750 205 810 perum
237 736 349 794 cultior
381 741 426 793 est
456 750 560 792 verum
593 749 658 791 esse
692 733 822 812 conlid03
859 734 978 794 videtur
1008 743 1111 797 tamen

95 821 186 882 altera
209 821 296 882 lectio
320 839 382 897 que
405 821 441 881 ad
465 819 614 899 duplicem
637 823 816 900 scripturam
839 824 934 901 ipsius
956 823 1112 904 archetypi

94 909 250 972 referenda
274 928 353 990 esse3
377 917 457 970 certe
477 910 555 989 qnod
574 909 600 979 N
622 909 712 970 habet
730 915 811 986 quio,
836 913 879 972 sic
895 911 1039 973 *facillime
1059 933 1112 974 ex>-

95 999 229 1080 plieatur.
259 1033 301 1040 —
329 998 369 1059 lb.
395 999 536 1059 suadente
563 998 791 1077 Engelbrechtio
821 994 853 1083 (Ι.
877 999 895 1061 l.
919 1021 947 1080 p.
969 995 1026 1084 10)
1054 1007 1112 1078 sic,

96 1092 151 1150 ubi
176 1093 312 1150 locorum
336 1088 461 1164 fueritis
489 1089 610 1169 scripsi3
638 1105 735 1167 neque
762 1096 861 1150 tamen
889 1109 936 1150 me
966 1091 1042 1169 fugit
1071 1111 1111 1154 ne

97 1180 141 1238 sic
172 1177 292 1256 quidem
322 1195 440 1237 omnem
468 1176 670 1237 difficultatem
699 1177 844 1238 sublatam
871 1179 967 1239 videri
994 1173 1116 1264 (sicubi

98 1293 138 1316 =
159 1268 339 1342 ubicumque
362 1267 487 1326 fortasse
505 1264 596 1325 Hilar.
615 1272 651 1325 tr.
672 1284 693 1325 s.
714 1266 816 1344 psalm.
835 1286 863 1346 p.
882 1263 957 1349 545,
976 1262 1026 1351 2);
1051 1272 1113 1330 nisi

96 1359 150 1416 nbi
171 1360 306 1416 locorum
329 1355 408 1415 idem
436 1372 502 1415 esse
531 1355 721 1415 concedimus
750 1357 827 1434 quod
856 1358 1047 1433 ubicumque.
1069 1393 1112 1402 —

96 1444 145 1525 111,
166 1442 250 1523 11,2
273 1444 370 1505 tribus
394 1443 467 1504 locis
486 1444 583 1504 iacere
602 1462 662 1504 non
680 1447 764 1523 potui
783 1447 856 1524 quin
875 1464 892 1505 a
910 1445 1114 1525 Luetjohanni

97 1535 271 1593 recensione
308 1533 480 1593 recederem
520 1539 711 1612 veteremque
753 1540 866 1594 textum
902 1537 1114 1598 restituerem:

96 1639 193 1700 neque
218 1638 285 1681 cum
309 1620 331 1679 F
354 1626 418 1682 solu
447 1620 659 1682 secludendum
687 1640 783 1701 neque
811 1632 922 1685 statum
950 1623 1114 1704 legendum

96 1719 167 1790 puto
192 1727 288 1788 neque
312 1728 382 1769 vero
405 1716 473 1789 post
496 1712 632 1772 omnibus
656 1711 788 1771 additum
808 1716 987 1788 increpabat
1003 1715 1112 1793 probo.

63 1847 66 1854 .
96 1790 321 1859 Demonstratur
350 1800 428 1858 enim
459 1798 595 1877 plurimis
623 1799 780 1881 exemplis,
813 1801 849 1861 de
880 1801 988 1880 quibus
1015 1821 1114 1865 unum

97 1888 203 1949 afferre
228 1889 299 1948 satis
323 1894 377 1968 est,
401 1906 445 1966 ep.
464 1888 499 1968 Π,
519 1885 548 1968 9,
567 1886 587 1949 6
611 1907 683 1950 ecee
706 1897 735 1950 et
758 1892 797 1950 ub
821 1893 1031 1966 arctimuetro
1057 1898 1114 1955 ad-

97 1985 231 2050 centens,
254 1978 411 2055 participio
434 1979 600 2055 praesentis
623 1984 656 2037 ut
679 1976 752 2037 alios
777 1981 938 2058 scriptores
961 1981 1002 2041 ita
1021 1981 1113 2043 Sido-

97 2068 180 2126 nium
211 2083 298 2144 saepe
325 2066 367 2125 ita
393 2068 452 2146 uti,
483 2072 517 2125 ut
544 2084 560 2125 a
589 2065 678 2126 verbo
706 2066 789 2126 finito
817 2070 866 2127 vix
895 2068 1018 2129 differat.
1067 2070 1114 2132 Cf.

97 2157 186 2216 etiam
209 2153 347 2232 Engelbr.
367 2153 384 2214 l.
404 2153 422 2214 l.
441 2173 469 2233 p.
491 2153 518 2214 t.
543 2189 585 2197 -
608 2153 648 2215 lb.
668 2154 688 2216 3
713 2157 822 2216 mirum
850 2156 922 2218 illud
950 2163 1056 2233 quisve
1079 2163 1114 2220 in

97 2243 121 2304 L
144 2237 189 2327 (et
213 2245 348 2322 suspicor
369 2245 457 2303 etiam
477 2245 507 2303 in
527 2243 553 2302 N
571 2248 682 2325 quisve,
704 2262 764 2304 uon
787 2249 894 2321 quisue
912 2246 1004 2306 luisse
1022 2249 1114 2309 item-

98 2352 155 2412 que
186 2335 216 2393 in
247 2326 285 2415 V)
316 2350 492 2411 quamquam
523 2334 657 2411 recipere
687 2351 777 2394 ausus
806 2351 867 2394 non
899 2352 978 2415 sum,
1010 2343 1113 2398 tamen

97 2423 219 2500 dignum
247 2428 292 2482 est
320 2420 399 2500 qnod
427 2420 608 2482 observetur.
654 2422 738 2501 Apud
762 2422 937 2483 Venantium
964 2423 1113 2488 Fortuna·

97 2518 161 2571 tum
184 2518 246 2571 tres
270 2509 329 2570 loci
351 2516 461 2590 extant,
483 2509 535 2571 ubi
557 2513 709 2586 qairrein
733 2513 963 2592 interrogatione
977 2516 1112 2592 positum

96 2607 155 2660 est:
179 2618 268 2660 carm.
287 2598 345 2680 Vll,
367 2597 417 2680 12,
435 2597 476 2660 27
502 2603 611 2674 quidue
630 2618 739 2675 poema
759 2605 877 2678 potest?
904 2600 1024 2683 v111,3,
1043 2602 1110 2666 287

97 2692 207 2764 quidve
229 2693 339 2763 loquar
361 2691 521 2750 humilem?
549 2687 588 2748 ib.
608 2684 673 2749 305
701 2692 811 2764 quidue
834 2694 967 2751 animum
990 2694 1113 2754 dulcem

97 2781 281 2838 memorem?
335 2776 380 2837 An
420 2781 498 2839 enim
539 2776 749 2856 interpolatum
790 2796 856 2839 esse
894 2778 1114 2842 censebimus?

98 2900 140 2908 -
182 2865 224 2926 lb.
252 2864 272 2927 6
310 2866 399 2926 verba
436 2870 501 2928 eius
537 2870 595 2927 icoc
635 2885 760 2927 carmen
797 2876 842 2928 est
877 2867 1113 2952 GustalssoniuS,

97 2955 176 3015 haud
204 2957 265 3015 seio
293 2973 329 3015 an
358 2957 436 3036 iure,
465 2954 577 3016 secludi
604 2954 722 3015 mavult.
747 2990 789 2998 —-
812 2955 853 3016 lb.
877 2955 942 3019 v.3
970 2960 1028 3020 ltoe
1056 2963 1113 3021 dat

98 3047 231 3120 caespite
249 3047 397 3128 'membru
429 3044 464 3104 ci.
498 3062 565 3103 eum
598 3043 732 3123 Cypriam
762 3044 833 3105 Gall.
861 3045 916 3106 les.
944 3044 1013 3106 Nav.
1042 3044 1110 3109 573

94 3133 222 3210 functus
244 3136 351 3194 merito
371 3136 425 3194 det
446 3135 580 3194 membro
602 3136 781 3210 sepulctrm
805 3137 903 3196 dandi
928 3136 1020 3213 igitur
1043 3155 1110 3197 ver-

98 3221 170 3283 bum
198 3221 278 3282 idem
305 3222 451 3299 significat
479 3220 558 3301 quod
586 3226 725 3284 condere.
750 3222 961 3305 -IV,12,1
987 3228 1110 3303 reposui

98 3310 320 3387 confunderem
352 3311 388 3370 ci.
411 3309 549 3389 Engelbr.
578 3310 596 3370 l.
615 3310 633 3370 l.
656 3330 684 3389 p.
705 3309 733 3373 8.
758 3345 800 3353 —
824 3311 869 3392 IV,
894 3310 934 3373 13
958 3315 1047 3374 inser.
1073 3314 1110 3376 de

105 3402 207 3462 Vectio
229 3418 255 3459 v.
275 3417 320 3478 ep.
339 3398 384 3480 lv,
403 3396 432 3479 9,
453 3397 533 3460 1.-
553 3395 700 3480 lV,14,4
724 3400 945 3461 concedendum
969 3413 1015 3463 est
1037 3423 1110 3479 pue-

91 3493 204 3549 rellam
224 3489 389 3563 ffundere
410 3490 450 3549 ita
470 3489 584 3550 dictum
607 3507 684 3571 esse,
701 3497 736 3550 ut
753 3489 788 3550 ah
811 3492 920 3550 usitata
938 3493 1003 3551 eius
1026 3493 1111 3553 verbi
