2414 3864
135 167 201 233 136
501 168 609 223 LIBER
627 168 774 225 SEXTUS.

134 318 205 379 dum
223 320 308 399 vivit,
327 320 359 378 in
378 336 430 398 spe
450 320 530 378 enim
548 318 643 379 adbuc
661 318 857 380 absolutionis
876 325 932 400 est,
949 323 1000 381 cui
1019 323 1144 400 suppetit

133 426 222 487 posse
246 409 387 468 converti.
433 404 462 467 2.
486 425 561 486 quae
585 409 625 468 sit
647 426 717 468 vero
739 410 853 487 negotii
875 411 924 470 sui
947 411 1056 491 series,
1081 413 1144 489 ipse

132 499 245 558 rectius
264 503 477 575 praesentanea
496 514 596 556 coram
613 499 782 557 narratione
797 498 964 576 patefaciet
991 517 1059 560 nam
1075 517 1144 578 pru·

132 585 252 646 dentiae
276 588 348 646 satis
372 583 470 646 obviat
492 584 647 664 epistulari
673 585 817 647 formulae
841 584 973 647 debitam
996 589 1144 648 concinui-

106 682 225 737 5tatem
247 674 402 754 plurifario
426 691 563 734 sermone
590 676 753 752 porrigere.
798 693 869 737 sanc
892 678 962 755 quia
986 675 1144 755 secundun

133 764 181 824 vel
202 765 321 842 negotia
343 762 390 822 vel
412 763 522 824 iudicia
539 769 659 824 terrena
674 762 769 824 solent
786 764 995 825 huiuscemodi
1012 765 1144 825 homiues

132 853 274 913 honestas
301 850 411 912 babere
436 869 554 932 causas,
581 858 614 912 tu
637 870 753 930 quoque
777 860 862 931 potes
885 852 976 914 buius
998 853 1144 915 laboriosi

134 944 191 1001 etsi
218 943 374 1019 impugnas
400 941 569 1021 perfidiam,
599 958 787 1019 propugnare
816 960 985 1021 personam.
1034 959 1144 1004 memor

134 1031 231 1090 nostri
255 1047 321 1090 esse
345 1028 482 1110 dignare,
505 1030 623 1089 domine
646 1048 729 1108 papa.

605 1255 677 1321 XII.

95 1394 121 1435 ιο
214 1375 381 1433 SIDONIUS
399 1375 543 1431 DOMINO
563 1376 682 1431 PAPAE
701 1375 874 1433 PATIENTI
892 1378 1069 1435 SALUTEM.

203 1490 230 1554 1.
249 1490 363 1570 Aliquis
382 1488 520 1570 aliquem,
539 1508 594 1568 ego
613 1489 697 1550 illum
715 1493 873 1570 praecipue
892 1501 965 1571 puto
981 1512 1034 1554 suo
1048 1495 1144 1553 vivere

132 1581 222 1662 bono,
246 1582 297 1660 qui
319 1581 392 1639 vivit
415 1578 510 1638 alieno
535 1581 644 1658 quique
663 1578 795 1639 fidelium
813 1579 996 1643 calamitates
1015 1583 1144 1660 indigen

134 1673 265 1748 tiamque
288 1671 447 1728 miseratus
476 1667 546 1728 lacit
568 1669 707 1728 interris
730 1686 820 1747 opera
843 1669 1003 1732 caelorum.
1048 1667 1142 1750 ‘quor‘

135 1777 201 1820 sum
221 1753 352 1818 istaec?'
371 1758 479 1835 inquis.
511 1763 541 1816 te
560 1758 617 1816 ista
636 1759 782 1816 sententia
802 1776 890 1836 quam
908 1777 1055 1842 maxume,
1070 1767 1138 1839 papa

93 1867 119 1907 15
133 1847 316 1926 beatissime,
333 1847 418 1925 petit,
436 1847 485 1905 cui
503 1863 563 1905 non
582 1845 692 1906 suflicit
709 1844 769 1905 illis
786 1852 902 1907 tautum
920 1847 1137 1910 necessitatibus

135 1954 222 2015 opem
240 1935 421 2015 ferre-‘quas
435 1935 563 2014 noveris,
581 1935 690 2013 quique
705 1952 800 2014 usque
815 1937 847 1995 in
861 1938 988 1998 extimos
1003 1928 1136 1998 terminos

135 2024 296 2085 Galliarum
319 2025 450 2084 caritatis
474 2022 579 2101 indage
602 2029 739 2102 porrecta
761 2025 845 2103 prius
864 2023 943 2086 soles
962 2027 1133 2106 indigentum

134 2115 285 2193 respicere
305 2130 408 2172 causas
428 2130 516 2190 quam
534 2114 682 2190 inspicere
700 2130 853 2191 personas.
884 2111 913 2174 2.
933 2114 1046 2176 nullius
1064 2114 1136 2176 obesi

133 2204 272 2265 tenuitati
299 2201 516 2282 debilitatique,
549 2202 576 2260 si
606 2207 636 2261 te
668 2208 807 2281 expetere
838 2220 898 2262 non
925 2206 1031 2283 possit.
1078 2215 1133 2265 uam

93 2317 121 2358 ao
133 2293 289 2372 praevenis
312 2289 450 2351 manibus
473 2287 570 2370 illum,
598 2291 650 2367 qui
676 2307 736 2350 non
758 2290 885 2352 valuerit
907 2291 944 2352 ad
967 2299 998 2354 te
1022 2291 1134 2373 pedibus

132 2383 298 2462 pervenire.
343 2380 452 2439 transit
478 2380 510 2437 in
538 2377 648 2438 alienas
676 2381 842 2456 provincias
870 2379 1024 2459 vigilantia
1046 2391 1092 2443 tua
1112 2384 1135 2440 ct

133 2473 164 2531 in
187 2470 244 2531 hoc
267 2487 356 2530 curae
378 2474 446 2527 tuae
470 2465 594 2527 latitudo
617 2466 801 2549 diffunditur,
823 2475 857 2529 ut
875 2468 962 2549 longe
981 2473 1135 2550 positorum

134 2558 305 2619 consoletur
328 2557 492 2637 angustias3
520 2562 550 2615 et
571 2555 641 2616 binc
664 2556 710 2636 fit,
737 2562 783 2637 ut,
811 2558 881 2636 quia
904 2558 1012 2620 crebro
1035 2567 1065 2621 te
1086 2575 1135 2620 uon

133 2648 232 2708 minus
256 2647 412 2708 absentum
435 2645 613 2705 verecundia
635 2663 724 2722 quam
746 2654 937 2723 praesentum
960 2649 1136 2726 querimonia

93 2759 121 2801 ae
134 2742 242 2817 movet,
265 2752 353 2814 saepe
376 2735 501 2794 terseris
525 2751 628 2793 eorum
651 2732 797 2815 lacrimas,
820 2753 949 2813 quorum
967 2737 1069 2798 oculos
1088 2753 1138 2798 nou

133 2825 243 2884 vidisti.
289 2822 318 2886 3.
342 2825 445 2882 omitto
476 2821 538 2902 illa,
566 2840 640 2900 quae
669 2821 777 2882 cotidie
805 2830 928 2903 propter
951 2824 1139 2887 defectionem

134 2915 243 2973 civium
265 2917 496 2991 pauperatorum
517 2912 694 2989 inrequietis
717 2910 826 2972 toleras
850 2912 984 2973 excubiis
1008 2913 1141 2994 precibus

134 3003 281 3080 expensis.
328 3002 430 3060 omitto
454 3007 483 3060 te
506 2998 559 3059 tali
582 3017 700 3079 semper
723 3017 810 3078 agere
833 3008 1079 3085 temperamento,
1102 3004 1141 3063 sio

134 3108 252 3169 semper
274 3089 449 3169 humanum,
479 3091 522 3149 sic
546 3087 723 3149 abstemium
745 3089 884 3170 iudicari,
906 3097 940 3150 ut
964 3100 1080 3153 constet
1101 3094 1142 3151 iu-

207 3248 240 3297 14
258 3241 347 3298 istaec
366 3243 406 3312 L,
430 3240 487 3296 ista
504 3242 575 3296 haec
593 3242 628 3296 N
629 3242 705 3311 ΜΤ,
729 3241 786 3296 ista
806 3243 829 3298 0
851 3242 856 3316 Ι
880 3241 937 3297 ista
955 3244 992 3312 L,
1010 3262 1062 3301 om.
1081 3244 1144 3300 Nu

136 3315 195 3384 OT,
213 3315 259 3370 sed
277 3315 307 3367 te
324 3317 356 3368 in
373 3330 428 3369 rae.
445 3318 462 3368 5
481 3315 533 3369 litt.
548 3313 590 3367 N¹
603 3315 613 3382 ΙΙ
629 3319 661 3367 16
680 3329 768 3380 usque
787 3330 807 3368 s.
827 3315 845 3369 l.
864 3315 928 3370 add.
949 3315 1006 3384 M¹,
1025 3333 1076 3373 om.
1096 3315 1144 3387 Til

135 3392 168 3440 23
188 3387 220 3440 fit
243 3385 411 3453 Woanoerco,
429 3383 485 3438 fuit
502 3386 578 3440 codd.
597 3388 607 3453 ΙΙ
625 3389 659 3439 25
677 3386 742 3439 inde
761 3386 795 3439 ab
815 3384 929 3440 terseris
948 3389 1055 3444 exitam
1072 3390 1144 3459 epist.

133 3475 184 3513 om.
204 3457 269 3512 LN
276 3456 331 3512 VT
355 3459 365 3527 ιΙ
392 3461 427 3510 26
450 3473 489 3511 an
516 3454 714 3511 refectionem?
743 3457 777 3524 cf.
803 3456 883 3526 (ἔτερ.
904 3457 971 3513 Tur.
994 3460 1022 3515 b.
1042 3459 1144 3516 Fracto.

121 3530 169 3600 II,
181 3533 223 3586 21
240 3528 347 3586 famem
365 3545 463 3586 mecm
480 3526 638 3586 reiectione
653 3542 813 3597 pauperum
826 3527 1000 3595 saliniensi
