2392 3854
128 158 194 223 216
503 156 613 212 LIBER
630 157 763 213 NONUS.

131 304 181 370 14.
209 310 340 387 primum
367 306 546 368 inellabilem
579 306 628 367 dei
658 309 752 386 patris
785 325 920 368 asserere
954 325 1019 368 cum
1043 303 1117 366 sancti

130 399 253 476 spiritus
277 399 451 457 aeternitate
475 399 663 477 sapientiam3
691 405 755 456 tum
781 403 940 474 praetcrea
956 414 1018 456 non
1039 410 1116 456 caesa·

55 517 60 530 ·
129 490 206 547 riem
228 505 350 566 pascere
374 504 470 564 neque
498 485 587 564 pallio
616 492 666 546 aut
693 484 773 545 clava
800 485 881 546 velut
904 485 1066 565 sophisticis
1084 481 1118 540 ini
1149 514 1152 524 ·

131 574 264 653 signibus
283 575 404 654 gloriari
418 581 468 635 aut
481 574 618 635 affectare
638 575 675 633 de
693 576 821 635 vestium
840 573 1019 635 discretione
1036 587 1117 650 super-

102 663 218 745 sbiam,
241 666 338 724 nitore
361 681 512 743 pompam,
541 662 678 742 squalore
701 665 871 724 iactantiam
893 681 990 742 neque
1016 671 1043 723 te
1064 660 1119 720 satis

129 753 185 814 hoc
209 752 363 833 aemulari,
391 753 470 830 quod
497 771 551 831 per
579 753 729 831 gymnasia
756 754 916 831 pingantur
938 750 1117 831 Areopagitica

129 841 176 902 vel
194 847 335 921 prytanea
354 859 443 902 curva
461 843 576 902 cervice
592 840 776 920 Speusippus
790 840 897 902 Aratus
916 841 1020 922 panda,
1039 839 1118 900 Zenon

129 931 227 991 fronte
255 932 416 990 contracta
431 928 577 1008 Epicurus
608 937 675 990 cute
703 929 844 1009 distenta,
876 929 1023 1008 Diogenes
1038 923 1119 1006 ‚bala

130 1026 264 1080 comante
284 1019 421 1079 Socrates
435 1037 528 1079 >coma
547 1012 679 1099 cadente,
703 1017 877 1087 Aristoteles
901 1018 1021 1080 brachio
1039 1018 1135 1078 eroco.

89 1131 116 1170 1o
129 1107 311 1182 Xenocrates
339 1126 425 1168 crure
454 1107 591 1187 collecto,
622 1107 788 1168 Heraclitus
816 1107 889 1169 fletu
917 1107 1010 1168 oculis
1033 1103 1122 1168 clausis

129 1197 316 1258 Democritus
339 1199 403 1258 risu
425 1196 516 1257 labris
540 1199 664 1278 apertis,
692 1195 874 1275 Chrysippus
890 1196 1000 1276 ,digitis
1021 1199 1122 1275 propter

130 1305 323 1347 numerorum
346 1286 456 1347 indicia
479 1288 657 1367 constrictis,
680 1284 819 1346 Euclides
843 1293 968 1364 propter
989 1297 1121 1346 mensura·

131 1393 198 1435 rum
222 1378 316 1455 spatia
339 1375 457 1456 laxatis,
487 1374 642 1434 Cleanthes
670 1381 792 1454 propter
820 1381 981 1454 utrumque
1005 1371 1122 1436 corrosis.

132 1462 182 1525 15.
212 1467 284 1543 quin
314 1465 413 1542 potius
444 1465 627 1544 experietur,
660 1465 786 1543 quisque
817 1464 998 1545 conflixerit,
1027 1463 1125 1525 Stoicos

90 1573 116 1628 aa
132 1552 257 1632 Cynicos
284 1550 497 1630 Peripateticos
525 1551 747 1613 haeresiarchas
779 1555 910 1631 propriis
940 1555 1043 1634 armis,
1072 1565 1125 1632 pro

129 1644 204 1720 priis
242 1659 359 1719 quoque
401 1641 519 1701 concuti
560 1641 814 1702 machinamentis.
872 1660 942 1702 nam
983 1648 1128 1703 sectatores

130 1749 243 1810 eorum,
260 1729 429 1790 Christiano
449 1729 580 1807 dogmati
599 1747 632 1789 ac
651 1731 752 1788 sensui
773 1732 800 1790 si
818 1733 1057 1812 repugnaverint,
1073 1743 1129 1790 mor

129 1825 159 1877 te
181 1814 321 1897 magistro
336 1815 419 1894 ligati
437 1817 604 1877 vernaculis
624 1817 822 1896 implicaturis
840 1821 872 1879 iu
891 1821 967 1880 retia
987 1838 1041 1881 sua
1058 1834 1130 1900 prae·

129 1909 236 1985 cipites
249 1904 497 1985 implagabuntur,
521 1905 698 1985 syllogismis
717 1913 785 1970 tuae
799 1910 1014 1988 propositionis
1028 1906 1133 1969 uncatis

89 1994 289 2056 revolubilem
307 1996 555 2071 tergiversantum
574 1994 704 2073 linguam
719 1996 949 2078 inhamantibus,
969 1998 1040 2057 dum
1054 1997 1135 2076 spiris

124 2081 305 2163 'categoricis
329 2082 458 2143 lubricas
488 2086 677 2161 quaestiones
700 2092 732 2145 tu
755 2087 855 2164 potius
881 2087 1006 2146 innodas
1032 2087 1136 2147 acrium

129 2179 212 2235 more
236 2172 429 2253 medicorum,
453 2175 504 2251 qui
526 2172 692 2234 remedium
711 2181 814 2235 contra
833 2193 956 2256 venena,
982 2193 1051 2236 cum
1069 2175 1137 2235 ratio

131 2262 289 2344 compellit,
313 2269 342 2322 et
365 2261 402 2322 de
426 2269 564 2341 serpente
589 2263 757 2322 conficiunt.
805 2260 855 2326 16.
880 2263 933 2324 sed
956 2264 1012 2325 hoc
1032 2272 1138 2342 tempo-

130 2354 214 2415 ribus
237 2355 303 2414 istis
324 2350 378 2412 sub
397 2358 466 2411 tuae
484 2357 599 2411 tantum
619 2350 664 2411 vel
679 2351 927 2431 contemplatione
943 2354 1139 2414 conscientiae

90 2463 116 2502 es
131 2442 177 2502 vel
195 2445 303 2504 virtute
323 2441 483 2500 doctrinae.
520 2458 587 2500 nam
606 2441 673 2518 quis
688 2440 809 2518 aequali
828 2443 952 2520 vestigia
971 2449 1021 2503 tua
1040 2459 1141 2521 gressu

86 2608 89 2616 Ι
131 2539 280 2612 sequatur,
304 2531 352 2591 cui
376 2529 476 2590 datum
499 2535 544 2589 est
568 2528 623 2589 soli
646 2528 728 2607 loqui
750 2529 858 2590 melius
882 2549 971 2609 quam
994 2530 1142 2609 didiceris,

129 2622 228 2680 vivere
252 2619 359 2680 melius
382 2638 471 2699 quam
494 2613 647 2696 loquaris?
670 2620 810 2696 quocirca
833 2622 941 2679 merito
960 2625 989 2679 te
1008 2618 1141 2680 beatissi-

130 2727 212 2769 mum
234 2709 305 2769 boni
328 2727 430 2769 omnes
454 2708 543 2787 idque
567 2723 657 2785 supra
681 2724 783 2767 omnes
807 2715 857 2768 tua
879 2715 1056 2787 tempestate
1075 2725 1141 2769 con·

131 2796 335 2878 celebrabunt,
364 2800 448 2858 cuius
471 2801 512 2857 ita
540 2794 627 2855 dictis
655 2796 715 2854 vita
743 2793 889 2876 factisque
918 2796 1076 2876 dupliciter
1099 2798 1141 2856 in·

90 2906 118 2946 ao
132 2884 247 2968 claruit,
273 2895 313 2967 ut,
337 2886 575 2964 quandoquidem
594 2890 661 2943 tuos
681 2901 774 2944 annos
798 2887 857 2946 iam
881 2886 1141 2946 dextranumera·

204 3095 238 3144 30
256 3090 291 3147 cl
306 3092 430 3149 Iuvenal
446 3094 498 3146 sat.
513 3091 546 3161 X,
561 3097 613 3147 248
622 3109 663 3160 sq

205 3169 219 3216 7
238 3164 378 3230 prytanea
397 3169 477 3231 (corr
494 3181 528 3219 eac
545 3166 685 3232 prytanea
699 3163 758 3231 M1)
766 3164 838 3231 MP
858 3161 1020 3232 prataneum
1036 3163 1063 3232 O
1082 3180 1144 3233 pry-

131 3237 247 3288 taneum
265 3233 297 3286 F
320 3236 324 3300 1
349 3238 413 3288 aeut
414 3235 497 3304 ippus
521 3251 607 3288 curva
631 3234 739 3289 cervice
760 3235 783 3290 G
805 3234 808 3306 1
835 3233 1008 3304 Speusippus
1032 3207 1148 3300 Sdooro,

131 3303 799 3445 ΖΘῊΨΧΡ11Ᾱ1111ΞΡ1Μ0511θὲ11111
811 3308 820 3443 l
838 3275 1152 3500 tctltttcht'tl

128 3383 577 3577 alnalressu1nsoqi1osl1rpu'aa
594 3450 648 3541 fine
665 3465 742 3515 cera,
761 3447 792 3502 in
810 3449 841 3502 iu
859 3465 913 3503 ras
934 3450 998 3505 add.
1013 3443 1152 3518 Μ’)ΜΡ

113 3522 181 3590 130
199 3537 292 3578 anuos
312 3538 362 3580 om
382 3518 425 3593 011
