2414 3864
266 156 436 213 SIDONIUS
453 155 656 212 VINCENTIO
675 156 743 212 SUO
763 155 941 212 SALUTEM.
1069 157 1112 222 13

92 316 204 367 tantur.
247 314 325 387 esto,
355 307 558 385 multiplicatis
584 305 640 366 tibi
668 304 848 385 spumabunt
875 313 972 367 musta
995 308 1112 388 vinetis,

94 400 272 456 innumeros
290 414 409 474 quoque
428 396 563 456 cumulos
582 395 717 474 frugibus
736 403 824 474 rupta
837 398 986 473 congestis
1004 396 1113 456 horrea

93 485 217 565 dabunt,
244 484 371 545 densum
393 503 486 563 pecus
509 484 639 564 gravidis
662 483 805 544 uberibus
828 486 860 543 in
883 484 1040 545 mulctram
1057 504 1113 564 per

93 584 179 635 antra
212 573 291 633 olida
323 573 474 634 caularum
505 576 626 653 pinguis
659 572 714 632 tibi
745 580 847 652 pastor
874 573 1019 634 includet:
1053 593 1111 652 quo

95 671 213 742 spectat
235 671 297 722 tarn
316 662 483 723 faeculento
501 665 714 742 patrimonium
731 665 916 740 promovisse
936 663 1112 742 compendio
1139 673 1174 722 s·

95 761 126 813 et
144 771 207 812 non
226 751 323 812 solum
342 755 422 812 inter
439 753 497 812 ista
515 752 578 833 sed,
600 753 680 831 quod
701 759 747 811 est
766 754 893 832 turpius,
915 760 1038 831 propter
1056 755 1114 813 ista

94 838 243 902 latuisse?
280 859 341 900 non
368 844 508 920 nequiter
529 850 559 901 te
583 840 703 901 concilii
724 849 860 920 tempore
882 849 951 920 post
974 841 1113 902 sedentes

93 938 318 1008 censentesque
342 925 464 990 invenes
487 929 651 1008 inglorium
672 932 831 1010 rusticum,
859 949 963 992 senem
985 938 1113 991 stantem

93 1018 315 1079 latitabundum
333 1021 473 1098 pauperis
491 1019 629 1080 honorati
648 1021 796 1080 sententia
818 1027 943 1099 premat,
966 1039 1032 1080 cum
1052 1038 1113 1101 eos,

95 1127 172 1188 qnos
192 1115 276 1168 esset
294 1107 450 1186 indignum
469 1111 496 1168 si
513 1111 638 1186 vestigia
656 1116 758 1168 nostra
777 1116 983 1188 sequerentur,
1001 1108 1112 1168 videris
1127 1128 1153 1166 ιο

94 1197 202 1257 dolens
225 1194 446 1257 antecessisse?
491 1193 520 1258 5.
549 1198 601 1257 sed
624 1197 696 1276 quid
720 1194 828 1275 plura?
860 1199 887 1256 si
909 1200 1021 1275 pateris
1043 1197 1112 1256 hor-

94 1293 221 1366 tantem,
240 1293 399 1346 conatuum
413 1294 534 1346 tuorum
547 1289 647 1346 socius
662 1286 788 1365 adiutor,
805 1288 944 1364 praevius
962 1288 1112 1365 particeps

94 1394 159 1435 ero.
201 1378 249 1434 sin
272 1381 372 1434 antem
393 1374 590 1435 inlecebrosis
611 1374 786 1435 deliciarum
805 1372 939 1434 cassibus
962 1374 1112 1434 involutus

93 1467 205 1544 maris,
227 1471 261 1524 nt
283 1466 379 1544 aium,
402 1463 526 1543 Epicuri
548 1463 735 1542 dogmatibus
754 1463 901 1544 copulari,
923 1466 976 1542 qui
999 1465 1112 1524 iactura

93 1556 219 1613 virtutis
246 1552 375 1612 admissa
402 1571 552 1614 summum
578 1552 690 1613 bonum
718 1552 778 1612 sola
805 1555 940 1632 eorporis
964 1552 1111 1631 voluptate
1127 1572 1153 1611 15

93 1643 290 1721 determinat,
317 1649 411 1702 testor
438 1661 508 1703 ecce
536 1644 678 1722 maiores,
709 1650 804 1702 testor
830 1649 967 1721 posteros
993 1650 1113 1702 nostros

92 1732 167 1792 buic
189 1749 238 1791 me
262 1749 357 1790 noxae
380 1749 441 1791 non
464 1749 530 1791 esse
554 1733 709 1792 confinem.
746 1729 819 1790 rale.

568 1957 641 2023 VII.

268 2079 437 2134 SIDONIUS
455 2079 657 2134 VINUENTIO
678 2079 746 2135 SUO
766 2078 943 2135 SALUTEM.

169 2194 195 2254 l.
233 2195 322 2272 Angit
344 2212 392 2253 me
411 2211 497 2254 casus
516 2194 644 2254 Arvandi
661 2212 718 2254 nee
736 2193 902 2275 dissimulo,
925 2195 998 2272 quin
1017 2202 1113 2272 angat

94 2301 228 2362 namque
251 2282 301 2343 hic
325 2301 443 2360 quoque
466 2282 602 2342 cumulus
625 2282 740 2343 accedit
757 2282 895 2343 laudibus
913 2285 1111 2362 imperatoris,
1126 2303 1153 2341 ao

95 2372 178 2452 qnod
197 2373 291 2432 amari
308 2369 406 2450 palam
423 2370 494 2430 licet
511 2379 542 2431 et
560 2374 656 2451 capite
675 2371 838 2432 damnatos.
867 2373 980 2432 amicus
999 2371 1114 2432 homini

95 2463 142 2522 lui
155 2479 247 2539 supra
261 2479 350 2540 quam
363 2478 480 2520 morum
494 2462 560 2521 eius
574 2459 700 2520 facilitas
714 2464 899 2538 rarietasque
914 2459 1111 2538 patiebantur.

97 2558 227 2611 testatur
253 2550 310 2609 boc
338 2556 462 2627 propter
487 2551 587 2628 ipsum
614 2568 711 2628 nnper
737 2549 811 2609 mibi
842 2548 951 2608 invidia
979 2549 1114 2630 conflata,

95 2642 185 2700 cuius
204 2657 252 2698 me
270 2638 359 2717 paulo
378 2639 576 2698 incautiorem
593 2638 710 2698 tlamma
728 2639 883 2698 detorruit.
914 2635 943 2698 2.
964 2637 1017 2698 sed
1032 2638 1111 2717 quod

94 2732 129 2788 in
152 2730 284 2788 amicitia
307 2728 386 2806 steti,
409 2727 484 2786 mibi
506 2726 604 2787 debui
641 2746 732 2806 porro
756 2735 856 2787 autem
878 2729 910 2787 in
933 2735 1038 2788 natura
1061 2727 1110 2788 ille
1127 2747 1153 2787 2⁵

93 2835 157 2878 non
184 2815 290 2876 babuit
317 2814 501 2894 diligentiam
529 2818 754 2895 perseverandi:
782 2816 876 2876 libere
904 2834 1028 2897 queror,
1053 2835 1112 2877 non

96 2905 294 2985 insultatorie,
314 2907 384 2983 quia
402 2903 535 2965 bdelium
553 2905 676 2966 consilia
695 2905 863 2984 despiciens
882 2906 1018 2966 fortunae
1037 2905 1112 2966 ludi-

95 2995 198 3055 brium
219 3013 275 3073 per
298 2996 398 3053 omnia
421 2994 485 3054 luit.
527 2994 655 3073 deniqne
678 3013 739 3054 non
762 3013 831 3055 eum
854 2995 1011 3073 aliquando
1035 2997 1112 3055 ceci-

168 3173 186 3220 3
204 3164 340 3234 gravibus
356 3166 431 3233 Tll
450 3183 508 3220 non
520 3167 652 3234 nequiter
668 3167 698 3220 te
713 3165 769 3221 TU
782 3172 808 3220 ct
825 3167 857 3219 in
869 3182 924 3221 ros.
940 3165 978 3218 M
984 3165 1001 3233 ¹,
1020 3181 1113 3219 nonne

94 3236 167 3304 quid
184 3237 213 3291 L
230 3243 257 3291 et
273 3240 356 3295 (corr.
374 3239 407 3292 in
424 3253 482 3290 non
498 3237 629 3304 nequiter
646 3238 676 3291 te
694 3237 728 3290 N
731 3236 798 3304 ¹)N,
815 3253 872 3290 non
890 3235 991 3304 nequit
1010 3278 1016 3290 .
1032 3278 1061 3291 ..
1080 3238 1114 3289 ut

100 3309 135 3376 V,
153 3326 194 3363 on
211 3307 299 3376 qnid?
315 3323 410 3362 nonne
427 3310 473 3361 te?
496 3308 674 3378 Ianejohann
686 3312 725 3375 l8
742 3313 804 3376 poet
822 3309 946 3360 stantem
964 3307 1013 3379 lep.
1032 3305 1115 3361 nobi-

94 3378 154 3433 lem
171 3382 205 3434 in
224 3380 251 3433 T
256 3378 285 3447 0,
303 3396 354 3434 om.
373 3379 514 3433 LNVM
522 3383 562 3448 119
580 3381 692 3448 premat
709 3378 744 3445 L,
767 3380 878 3446 premet
897 3381 979 3445 (corr.
997 3395 1032 3433 ex
1049 3394 1114 3446 pre-

94 3453 158 3504 mat
175 3450 519 3520 wmonvmup
533 3457 566 3504 12
586 3453 616 3505 et
628 3448 771 3522 particebs
788 3448 883 3522 (llll
900 3466 1002 3505 amare
1018 3448 1138 3518 melcol

96 3528 134 3576 23
150 3520 222 3575 mibi
238 3538 330 3588 nuper
346 3521 430 3589 OMl
440 3526 476 3574 24
491 3521 686 3581 incautiorem
703 3524 795 3599 paulo
818 3525 867 3599 (lb
