2392 3854
177 154 346 211 SIDONIUS
364 153 508 211 DOMINO
528 154 646 210 PAPAE
663 153 758 209 LUPO
778 154 957 211 SALUTEM.
1011 154 1075 220 219

84 300 200 382 fatigatus
231 306 332 384 potius
364 306 397 364 in
427 323 569 366 nauseam
601 305 773 384 concitaris,
806 303 876 364 dum
904 304 1077 383 frequenter

85 390 193 454 insulsae
215 393 353 454 lectionis
380 393 480 475 verbis
507 392 646 454 inanibus
673 394 850 453 immoraris.
896 392 984 472 adde,
1008 394 1077 471 quia

84 482 153 542 etiam
174 485 205 543 in
227 482 294 563 hoc,
318 482 397 562 quod
419 483 546 542 forsitan
570 500 631 542 non
654 483 776 561 notasti,
799 482 983 541 reverentiae
1007 488 1075 542 tuae

83 573 297 651 meritorumque
320 573 396 631 ratio
421 578 535 632 servata
559 579 616 652 est,
645 571 723 649 quod
754 572 832 631 sieut
854 577 887 630 tu
910 571 1075 630 antistitum

83 665 230 721 ceterorum
249 659 407 740 cathedris,
429 662 513 738 prior
536 667 582 720 est
604 667 673 720 tuus
697 662 729 719 in
751 658 827 719 libro
850 658 963 719 titulus.
995 658 1075 719 illius
1102 680 1116 720 s

82 761 172 809 nomen
199 751 249 810 vix
277 748 369 809 semel
397 755 511 810 tantum
539 756 569 809 et
599 747 657 808 sibi
684 750 812 827 ascripta
839 750 945 827 pagina
974 754 1074 828 sonat3

82 841 122 895 tuo
140 845 255 916 praeter
284 835 341 897 tibi
368 837 523 918 deputatas
546 838 719 917 frequenter
742 837 930 898 illustrantur
953 835 1074 897 alienae.

81 919 106 984 6.
132 925 199 987 illud
221 927 270 987 bis
293 928 391 1008 iunge,
415 926 502 1008 quod,
526 929 552 987 si
575 926 647 1006 quid
666 925 709 986 ibi
730 926 778 986 vel
795 925 953 987 causaliter
970 925 1076 1006 placet,

81 1015 172 1093 tuper
194 1014 352 1076 consilium
374 1033 474 1076 meum
498 1015 622 1097 lectitas,
642 1014 691 1075 ille
711 1015 888 1094 quandoque
907 1033 962 1093 per
985 1014 1074 1075 bene-

81 1099 164 1164 lielnm
184 1111 280 1185 tuum,
303 1106 355 1183 qui
377 1104 547 1165 munusculi
569 1107 629 1164 mei
646 1106 797 1164 incassum
815 1121 939 1184 pressus
961 1103 1074 1164 invidia
1089 1125 1115 1165 ro

81 1192 189 1254 necdum
212 1193 248 1254 ad
272 1191 440 1267 facultatem
459 1192 585 1273 legendi,
603 1200 637 1254 ut
656 1195 799 1273 suspicor,
817 1194 906 1272 venit,
930 1210 998 1252 cum
1017 1194 1075 1251 iam

82 1276 122 1340 diu
140 1283 200 1360 ipse
222 1284 397 1361 perveneris
420 1281 455 1342 ad
476 1284 590 1363 copiam
612 1280 813 1342 transferendi
831 1273 902 1362 (aio,
924 1287 1075 1358 tamquam

83 1383 128 1428 non
149 1373 186 1431 sit
207 1368 453 1449 autholographas
477 1370 664 1431 membranas
687 1369 893 1450 arbitraturus,
918 1371 952 1449 si,
975 1375 1075 1428 tamen

82 1459 144 1533 qued
165 1467 231 1521 ante
254 1478 423 1541 percurras,
444 1460 492 1520 vel
514 1458 665 1538 exemplar
688 1461 851 1538 acceperit3
873 1475 971 1535 neque
995 1459 1075 1517 eninr
1181 1517 1185 1525 ,

83 1543 173 1629 inhis,
195 1567 271 1628 quae
294 1551 481 1629 tractaveris,
503 1548 563 1610 ulla
586 1547 754 1627 culpabitur
777 1554 827 1607 aut
850 1545 1075 1607 distinctionum
1090 1567 1115 1607 rs

82 1637 169 1697 raritas
186 1645 237 1698 aut
255 1637 423 1716 frequentia
436 1630 712 1720 barbarismorum).
736 1654 843 1714 nempe
858 1634 893 1695 ad
909 1641 1076 1695 extremum

83 1721 159 1797 pelam
179 1725 297 1787 videtur
320 1728 409 1786 etiam
431 1726 487 1786 tibi
516 1728 691 1786 transmissa
717 1727 899 1805 proprietas,
930 1726 979 1785 cui
1002 1742 1075 1784 usus

82 1807 173 1892 usque
195 1817 340 1893 temporis
364 1815 415 1874 fixi
432 1817 668 1894 praescriptione
687 1816 880 1889 transmissus
900 1820 946 1873 est
964 1814 1074 1892 quique

83 1903 229 1978 supradicto
252 1904 365 1964 tamdiu
388 1911 473 1982 potes
496 1906 541 1963 uti
563 1901 677 1983 libello,
708 1909 742 1964 ut
769 1922 837 1964 eum
860 1920 921 1963 non
949 1900 1075 1981 amplius

84 1989 212 2054 zothecula
236 2000 287 2053 tua
311 2010 399 2072 quarn
429 1995 572 2052 memoria
595 1986 772 2052 concludat?
819 1991 847 2054 t.
876 1978 948 2052 baec
973 1998 1002 2052 et
1025 1990 1072 2051 his
1088 2012 1115 2051 ro

83 2073 149 2150 plura
173 2082 235 2142 fors
268 2080 384 2160 aliquis.
431 2099 485 2160 ego
518 2099 587 2141 vero
622 2088 728 2141 cuncte
757 2088 912 2160 praetereo
941 2087 970 2140 et
997 2078 1074 2139 malo

84 2173 177 2238 precari
199 2172 315 2230 veniam
339 2188 427 2249 quam
450 2178 575 2250 reatum,
594 2172 621 2229 si
643 2169 700 2230 boc
719 2188 785 2230 esse
805 2169 946 2249 creditur,
970 2168 1074 2246 depre-

84 2258 137 2316 ceri.
151 2265 341 2338 praesentum
361 2276 478 2338 quoque
497 2258 715 2338 neglegentiam
733 2258 899 2319 litterarum
916 2275 996 2317 nunc
1019 2273 1074 2315 nee

84 2355 190 2433 excuso„
202 2350 333 2427 primum
357 2348 445 2428 quod,
469 2350 526 2408 etsi
545 2348 671 2428 cupiam,
689 2366 795 2426 parum
814 2344 923 2407 cultius
943 2343 1074 2404 scribere

84 2443 153 2516 queo,
183 2435 252 2497 dein
280 2436 359 2516 quod
387 2434 514 2497 libellari
541 2454 630 2515 opere
658 2437 792 2496 confecto
816 2437 932 2496 animus
954 2431 1073 2493 tandem
1089 2452 1114 2493 rs

84 2512 220 2586 feriaturus
239 2528 298 2586 ianr
318 2544 392 2605 quae
411 2523 565 2604 propalare
585 2524 752 2585 dissimulat
766 2522 902 2584 excolere
921 2521 1073 2582 detrectat.

85 2599 106 2665 8·
129 2619 264 2695 attamen,
294 2632 363 2674 cum
392 2616 463 2674 satis
493 2614 549 2674 tibi
576 2621 606 2675 et
634 2613 754 2692 quidem
781 2614 888 2672 merito
918 2604 1074 2694 (quidnam

138 2809 150 2856 i
167 2802 298 2856 nausiam
318 2802 390 2872 013
409 2801 439 2855 in
457 2802 510 2856 hoc
530 2803 636 2870 MPF,
655 2801 743 2855 michi
762 2801 810 2871 01
828 2805 846 2853 4
864 2802 896 2854 tu
915 2796 1075 2854 antistitum

82 2861 116 2928 (lu
128 2887 146 2928 a.
160 2874 178 2928 1.
192 2876 267 2942 edd,
285 2891 334 2927 um
351 2876 384 2929 e'm
400 2890 456 2929 rae.
471 2874 510 2928 M
513 2874 576 2943 Ι1Μ
578 2873 646 2941 PF,
666 2872 828 2927 antistitum
846 2876 907 2934 (om.
921 2873 964 2936 tu)
986 2868 1018 2934 03
1037 2887 1076 2924 am
1147 2927 1150 2930 ,

85 2933 123 2992 tta
137 2944 294 3000 antistitum
314 2961 337 3000 c.
352 2962 374 3000 c.
390 2944 467 3014 prior
481 2946 532 3008 est,
550 2945 593 2998 ita
608 2947 691 2998 tuus?
704 2947 744 3012 18
763 2942 914 2998 casualiter
929 2943 992 2997 Pet
1004 2957 1074 2996 corr.

83 3017 109 3060 tt
122 3017 266 3071 causaliter
284 3017 331 3071 Μ1
345 3018 354 3086 11
370 3022 402 3070 12
421 3015 480 3088 aio]
499 3015 573 3069 addo
592 3017 752 3084 Mommsen,
769 3017 947 3084 frustratim
966 3012 1076 3068 autolo-

83 3084 185 3155 tophas
196 3087 255 3157 GP,
271 3086 464 3156 autolografas
477 3089 520 3156 M,
535 3086 756 3157 autulographas
768 3086 814 3157 Fll
826 3090 859 3138 14
869 3092 916 3140 ate
929 3085 984 3141 Get
994 3089 1075 3154 (corr.

83 3160 107 3201 ²¹¹
117 3159 174 3212 ante
184 3158 288 3227 M¹)M
299 3163 304 3226 1
320 3157 344 3211 si
359 3175 376 3211 a
390 3170 435 3212 me
449 3160 525 3226 quod
539 3159 604 3213 ante
614 3174 760 3226 percurras
771 3156 914 3225 exemplar
923 3157 1077 3213 Mommsen

85 3211 88 3281 1
109 3237 274 3291 percurreres
298 3229 476 3299 Lmetjobamr
496 3233 507 3310 11
537 3237 568 3282 lo
586 3231 681 3283 malim
703 3227 913 3295 retractaverim
936 3230 971 3296 cf.
990 3245 1030 3297 ep.
1049 3228 1077 3294 I,

84 3291 103 3356 ¹·
114 3300 140 3374 1,·
162 3301 281 3369 V,15,1
309 3304 318 3371 11
348 3307 379 3355 18
398 3300 601 3369 persenptione
622 3304 682 3368 (per
700 3317 769 3355 corr.
788 3302 820 3355 in
837 3316 906 3369 prae
925 3297 1073 3370 M¹)M05

84 3371 168 3439 tuque
189 3370 352 3441 supradicto
376 3375 441 3440 (que
464 3388 549 3440 supra
571 3373 604 3426 e'm
624 3388 678 3426 ras.
700 3372 813 3441 M2)M‚
841 3370 891 3439 qui
914 3367 1076 3439 supradicto

72 3428 131 3492 loe.
146 3445 208 3510 que)
229 3442 286 3498 cr
307 3445 316 3512 1
339 3447 374 3495 ro
392 3442 521 3497 inornate
540 3441 581 3513 ,cr
598 3441 702 3497 amnia
722 3442 749 3512 c,
769 3442 815 3497 vet
832 3442 915 3512 pura
933 3458 953 3496 s.
974 3441 991 3495 e
1011 3440 1075 3494 aaa.

86 3497 170 3578 thpq
189 3530 250 3568 esse
269 3531 319 3570 om.
337 3514 380 3584 01
