2414 3864
488 167 704 224 PRAEFATIO.
1038 169 1104 225 XXI

85 317 226 397 Engelbr.
251 317 269 378 l.
289 317 307 378 l.
327 337 355 396 p.
375 315 404 380 3.
429 351 470 360 -
494 317 535 378 lh.
556 313 576 376 9
604 316 843 379 Gustalssonium
872 326 991 380 secutus
1019 320 1101 382 exC

85 425 196 469 arcam
226 409 335 486 recepi.
365 441 407 448 -
433 406 489 487 lb,
521 425 700 486 quamquam
730 406 909 468 Claudianus
939 407 1100 469 Mamertus

84 495 134 556 bis
148 498 285 575 genetivo
305 513 425 557 ossuum
443 498 538 556 utitur
558 489 608 577 (cl.
623 499 712 556 etiam
727 495 850 557 Bonnet.
865 497 883 557 l.
898 497 915 556 l.
931 516 959 576 p.
974 491 1102 580 363,6),

84 593 187 645 tamen
214 587 246 646 in
275 585 322 645 his
349 586 540 664 potissimum
567 585 658 646 rebus
685 585 782 646 codici
810 585 833 644 L
860 585 1021 665 plurimum
1049 589 1102 646 tri-

85 674 240 735 buendum
263 692 329 734 esse
358 674 487 734 conlisus
516 677 627 736 ossium
654 677 746 735 tenui.
771 710 813 717 —
836 674 877 735 lb.
899 672 941 736 10
969 693 1029 735 non
1057 683 1103 736 est

86 782 143 824 cur
165 771 199 824 at
218 762 406 844 repudietur3
430 764 466 823 cl.
486 762 623 841 Engelbr.
643 762 661 822 l.
680 762 698 824 l.
717 783 745 843 p.
762 761 812 825 10.
833 799 874 806 -
894 764 935 824 lb.
955 765 991 824 ad
1010 783 1102 840 quac-

20 845 28 859 ’
86 872 147 928 que
174 852 210 912 oi.
231 851 300 912 Cod.
320 851 466 912 Theodos.
485 849 552 932 ΧΗ,
573 850 605 932 1,
626 850 688 913 107
713 857 894 929 quicumque
983 871 1103 915 sncces-

85 945 164 1003 serit
193 945 305 1017 quique
334 945 479 1003 extiterit.
504 976 546 983 —
574 939 740 1022 111‚14,1
774 946 955 1019 uoluptatem
985 944 1104 1003 restitui

87 1029 154 1091 ooll.
175 1048 220 1109 ep.
239 1029 288 1111 lX,
307 1026 372 1110 9,9
391 1038 426 1091 ut
443 1034 553 1092 lectori
570 1038 643 1091 tuo.
660 1078 666 1090 .
682 1078 688 1090 .
704 1080 710 1093 .
726 1034 770 1092 ais
788 1036 949 1108 uoluptatis
968 1035 1106 1093 excudat

82 1123 251 1196 praeconii
272 1122 489 1181 necessitatem.
509 1153 551 1161 —-
574 1118 619 1199 lv,
640 1117 669 1199 1,
688 1117 709 1180 2
732 1118 930 1199 Luetjoharmi
954 1123 1104 1182 coniectu-

86 1226 153 1269 ram
175 1209 418 1283 pratnlabantur
444 1226 500 1287 per
528 1226 559 1268 se
583 1210 679 1286 ipsam
703 1226 773 1269 sane
797 1208 981 1288 probabilem
1004 1217 1104 1270 tamen

88 1315 341 1376 supervacaneam
364 1315 430 1358 esse
453 1304 539 1377 put03
562 1315 631 1357 narn
653 1315 750 1376 neque
770 1300 801 1357 in
821 1298 917 1358 dativo
936 1301 996 1360 sibi
1013 1299 1105 1358 olien-

86 1386 220 1446 dendum
250 1393 296 1446 est
325 1380 375 1469 (ci.
400 1405 445 1465 ep.
465 1385 529 1466 Vll,
551 1385 605 1467 14,
626 1385 659 1467 13
688 1386 818 1447 Cassian.
837 1386 908 1447 lnst.
927 1387 993 1467 ΧΠ,
1011 1384 1102 1467 27,1

86 1493 159 1537 cum
186 1477 246 1535 sibi
271 1479 320 1536 uel
340 1477 378 1536 de
405 1477 562 1537 nobilitate
590 1480 738 1536 natalium
764 1479 936 1552 clariciam
963 1475 1102 1537 Prudent.

85 1566 191 1642 perist.
210 1562 285 1643 xlll,
303 1561 345 1625 97
370 1567 487 1640 eloquio
511 1567 678 1626 cnius‘siln'
698 1568 789 1626 doctu
810 1559 980 1648 ploriatur)
1004 1583 1103 1645 neque

85 1656 118 1712 in
148 1654 294 1713 sententia
323 1646 402 1736 (but
426 1660 491 1714 etw.
522 1652 594 1714 stolz
624 1647 724 1737 scin').
750 1689 792 1696 -
819 1652 861 1713 lb.
885 1651 907 1716 5
935 1654 1105 1714 dubitanter

86 1743 198 1820 scripsi
216 1741 358 1803 suadente
372 1741 484 1802 Leone:
508 1747 596 1804 cuins
615 1747 815 1804 intemeratae
829 1752 937 1819 partes
955 1752 1101 1818 quantum

85 1837 214 1907 spectat,
237 1833 376 1902 anobis·
399 1830 537 1910 displicet
555 1834 643 1913 enim,
665 1839 874 1911 praeterquam
893 1832 971 1911 quod
990 1831 1100 1892 locutio

86 1927 235 1994 quantum
259 1913 320 2003 (rel
341 1914 439 2003 quod)
462 1928 579 1997 spectat
601 1920 678 2000 apud
698 1921 854 1982 Sidonium
878 1923 985 1981 ceteris
1007 1923 1101 1981 omni-

85 2008 145 2068 bns
169 2006 243 2068 locis
266 2027 335 2069 curn
357 2011 577 2088 praepositione
601 2012 644 2071 ad
665 2012 807 2090 iungitur,
830 2028 886 2070 vox
905 2014 1105 2071 intemeratae

86 2115 149 2157 non
174 2097 210 2156 ad
235 2099 373 2179 affectus,
401 2097 454 2158 sed
478 2097 513 2158 ad
537 2097 654 2176 longius
678 2106 827 2159 remotum
850 2103 1005 2160 amicitiae
1027 2098 1103 2158 rele-

86 2185 190 2246 renda.
232 2185 266 2246 ln
289 2205 355 2246 mea
377 2189 473 2266 ipsius
496 2189 667 2248 coniectura
690 2190 722 2249 in
744 2188 933 2248 adnotatione
952 2189 1105 2266 proposita

88 2293 198 2335 rursus
222 2275 252 2335 id
275 2275 490 2336 dubitationem
508 2283 615 2357 movet,
639 2277 717 2355 quod
737 2277 901 2338 seeundum
920 2283 1105 2336 constantem

89 2363 251 2424 verborum
265 2363 488 2426 collocationem
503 2365 689 2426 desideratur
703 2375 849 2442 quantum
864 2369 907 2427 ad
919 2384 974 2427 nos
987 2371 1106 2441 spectat
1145 2399 1149 2409 ·

87 2446 229 2536 (excepto
252 2471 321 2532 uno,
345 2456 509 2514 carminum
533 2461 646 2536 tamen,
672 2453 737 2515 loco
760 2454 838 2534 XVl,
856 2452 900 2514 42
928 2457 972 2514 ad
993 2471 1106 2530 corpus

89 2552 239 2617 quantum
265 2535 407 2626 spectat).
431 2576 473 2584 -
496 2541 542 2623 IV,
561 2541 627 2624 2,1
658 2548 758 2605 multis
785 2545 882 2604 modis
908 2544 1039 2622 restitui3
1068 2542 1104 2602 oi.

88 2629 230 2709 Engelbr.
259 2625 459 2692 ‘Untersucb'
488 2651 516 2711 p.
541 2630 592 2693 29.
626 2667 668 2674 —
700 2630 786 2695 lun
819 2632 856 2692 ad
888 2631 977 2691 verba
1010 2649 1104 2707 ecaao

87 2727 183 2781 tumet
210 2719 285 2779 addo
312 2721 344 2780 in
372 2719 398 2780 N
426 2721 551 2781 sortasse
580 2722 672 2782 fuisse
700 2725 778 2782 baec
806 2739 864 2798 quo
893 2729 954 2781 tum
983 2729 1024 2801 et,
1053 2720 1105 2780 sed

88 2816 260 2869 correctum
283 2827 349 2869 esse
372 2811 404 2869 in
427 2812 505 2871 baec
528 2828 587 2886 quo
606 2817 667 2871 tam
689 2828 736 2871 en.
756 2844 798 2853 —
817 2810 859 2870 lb.
878 2807 900 2870 4
924 2818 1002 2891 tuus,
1026 2808 1105 2888 quod

86 2896 178 2976 vulgo
202 2904 270 2976 post
292 2901 424 2959 intumus
448 2898 576 2979 additur,
599 2899 651 2960 sed
675 2901 707 2958 in
726 2898 863 2959 omnibns
883 2899 1035 2959 codicibus
1054 2898 1105 2958 de-

88 2994 145 3067 est,
169 2988 266 3046 omisi.
290 3020 332 3028 —
356 2987 398 3047 lb.
421 2991 508 3049 solito
531 2987 720 3048 retinendum
745 2996 803 3069 est,
827 3006 894 3049 cum
922 2988 979 3048 hoc
1002 2988 1104 3047 adver-

86 3075 172 3136 bium
192 3075 270 3153 apud
289 3077 453 3155 scriptores
472 3075 552 3137 illius
569 3079 674 3137 aetatis
688 3094 909 3156 nonnumquam
925 3079 1106 3157 inveniatur3

86 3165 125 3225 ct.
145 3163 250 3224 Alcim.
268 3165 343 3226 Avit.
361 3184 389 3244 p.
410 3163 466 3245 88,
485 3162 506 3227 3
526 3158 586 3249 (Ρ.)
616 3184 724 3227 caram
752 3171 850 3229 nostri
875 3170 961 3228 solito
987 3169 1105 3241 ueritis.

87 3288 131 3296 -
155 3250 252 3333 1v‚3‚
273 3252 290 3315 1
320 3272 374 3333 pro
398 3256 552 3330 sospitatis
574 3253 796 3333 Luetjohannus
819 3255 903 3315 malit
925 3257 1105 3328 sodalitatis,

86 3360 148 3403 non
173 3348 269 3423 recte3
293 3345 319 3402 si
343 3343 414 3422 quid
438 3345 559 3403 omnino
583 3344 757 3405 mutandum
781 3352 873 3425 esset,
900 3345 1105 3420 sospitationis

87 3430 266 3512 scriberem3
290 3431 342 3492 sed
361 3450 399 3492 ne
418 3431 474 3491 boc
494 3433 615 3512 quidem
633 3436 843 3504 necessarium
861 3440 920 3496 est.
957 3434 1123 3509 sospitare

88 3522 170 3580 enirn
193 3527 224 3578 et
242 3524 398 3596 saccetum)
412 3540 564 3608 persaepe
584 3525 670 3592 idem
692 3530 873 3614 signilroant
892 3524 981 3608 duod
1000 3525 1149 3584 solutore
