2392 3854
408 155 560 212 CARMEN
579 157 663 212 XXII.
977 156 1043 222 329

125 313 292 384 portantem
315 306 421 367 frontis
445 324 548 385 campo
570 324 625 384 per
648 324 774 366 concava
797 308 907 365 montis

86 403 105 451 5
123 413 176 474 par
197 413 292 474 prope
314 396 471 456 transfossi
493 394 684 456 tenebrosum
708 393 829 455 luminis
853 402 982 476 antrum,

121 484 242 565 hospes,
266 484 327 564 adi,
351 486 377 544 si
400 486 467 562 quis
490 483 622 562 Burgum
645 486 790 544 taciturus
814 483 909 544 adisti.

120 580 150 633 et
172 571 243 633 licet
266 575 297 632 in
321 591 441 634 carmen
464 591 523 634 non
546 575 658 652 passim
680 571 758 633 laxet
780 571 909 632 habenas

119 660 255 722 Phoebus
280 668 310 721 et
332 661 381 722 hic
403 663 475 722 totis
498 680 558 722 nou
580 662 689 740 pandat.
712 660 832 722 carbasa
856 661 949 742 fandi,

119 753 246 829 quisque
269 758 368 811 tamen
392 758 490 811 tantos
514 769 574 811 non
592 749 714 811 laudans
739 769 790 810 ore
813 757 935 829 penates

69 845 101 898 10
118 841 258 921 inspicis,
280 841 452 918 inspiceris:
475 847 595 900 resonat
619 842 683 900 sine
706 858 777 900 voce
801 838 948 919 voluntas;

118 945 187 988 nam
209 935 260 989 tua
283 936 313 989 te
336 930 461 989 tacitum
483 927 574 988 livere
599 928 716 989 silentia
740 927 873 989 clamant.

163 1016 241 1095 Ergo
265 1035 332 1098 age,
354 1016 481 1097 Pierias,
504 1017 610 1098 Erato,
633 1018 707 1077 mihi
730 1025 852 1096 percute
877 1016 1016 1098 chordas,

118 1113 296 1184 responsent
319 1106 428 1187 Satyri,
452 1106 635 1184 digitumque
658 1106 823 1185 pedemque
845 1101 999 1166 moventes

118 1193 221 1254 ludant
244 1202 274 1255 et
295 1193 422 1255 tremulo
446 1213 505 1255 non
529 1202 668 1274 rumpant
691 1196 804 1255 cantica
827 1193 912 1255 saltu.

68 1292 99 1344 15
119 1283 260 1362 quicquid
279 1283 356 1343 forte
375 1283 466 1363 Dryas
485 1282 531 1344 vel
550 1282 690 1363 quicquid
705 1282 884 1362 Hamadryas
903 1300 1044 1362 umquam

120 1374 241 1432 conexis
265 1371 384 1432 sibimet
407 1373 515 1433 festum
537 1371 673 1451 plausere
697 1371 839 1453 Napaeis,

122 1460 291 1539 dependant
312 1461 414 1541 modo,
437 1460 547 1542 Burge,
570 1460 641 1542 tibi,
664 1459 711 1520 vel
734 1459 842 1521 Naidas
865 1461 947 1539 istic,

119 1548 280 1610 Nereidum
304 1550 413 1611 chorus
437 1550 525 1631 alme,
550 1548 636 1630 doce,
660 1568 728 1610 cum
751 1549 827 1609 forte
851 1547 990 1609 Garunna

118 1637 177 1698 huc
199 1639 344 1699 redeunte
367 1641 451 1699 venis
474 1645 657 1718 pontumque
681 1638 857 1698 influmine
882 1637 988 1698 sulcas.

69 1737 101 1786 20
120 1727 217 1806 pande
240 1728 333 1806 igitur
356 1746 473 1808 causas,
496 1726 598 1808 Erato,
621 1726 792 1806 laribusque
817 1728 856 1788 sit
878 1726 932 1786 ede

120 1818 187 1894 quis
210 1818 328 1896 genius,
351 1823 466 1877 tantum
489 1834 550 1876 non
573 1823 619 1876 est
642 1818 706 1876 sine
729 1815 865 1895 praesule
890 1815 1016 1876 culmen.

162 1904 251 1965 Forte
275 1905 453 1983 sagittiferas
476 1904 559 1965 Euan
583 1905 739 1984 populatus
762 1904 903 1985 Erythras

119 1994 176 2053 vite
201 1996 375 2072 capistratas
398 1994 522 2073 cogebat
545 1994 581 2053 ad
600 1994 704 2055 esseda
723 1997 829 2075 tigres,

119 2081 248 2142 intrabat
270 2082 418 2161 duplicem
442 2102 499 2161 qua
521 2091 600 2143 temo
624 2084 780 2143 racemifer
802 2101 918 2162 arcum,

69 2181 100 2230 25
119 2170 268 2231 marcidus
291 2173 355 2250 ipsc
379 2171 463 2232 sedet
486 2190 591 2251 curru,
615 2173 714 2233 madet
737 2171 828 2232 ardua
851 2173 951 2231 cervix
989 2221 991 2225 ,

122 2260 219 2320 sudati
243 2260 279 2320 de
303 2277 371 2320 rore
394 2262 483 2342 meri,
507 2268 596 2340 caput
618 2278 707 2322 aurea
730 2267 871 2340 rumpunt

121 2366 230 2409 cornua
253 2358 284 2408 et
306 2348 477 2427 indigenam
500 2348 667 2411 iaculantur
689 2350 822 2410 fulminis
846 2350 946 2427 iguem

120 2429 302 2519 (sumpserat
324 2437 380 2497 hoo
403 2456 529 2499 nascens
551 2442 697 2519 primum,
721 2457 789 2499 cum
811 2440 931 2497 transiit
954 2436 1025 2497 olim

120 2526 151 2585 in
172 2528 302 2605 patrium
326 2525 362 2586 de
385 2534 479 2587 matre
502 2522 630 2610 femur);
663 2527 720 2587 fert
742 2534 859 2605 tempus
883 2533 1042 2605 utrumque

70 2625 103 2675 30
120 2618 197 2675 veris
222 2632 293 2693 opes
317 2613 481 2694 rutilosque
505 2616 576 2695 ligat
598 2616 746 2676 vindemia
769 2616 872 2695 llores;

121 2704 277 2764 cantharus
301 2710 331 2763 et
353 2703 472 2782 thyrsus
496 2705 599 2765 dextra
621 2704 761 2783 laevaque
785 2704 934 2784 feruntur,

121 2810 174 2852 uec
197 2794 271 2870 tegit
293 2800 425 2872 exertos,
449 2794 500 2853 sed
524 2795 617 2873 tangit
640 2792 716 2872 palla
738 2792 879 2873 lacertos;

122 2880 205 2941 dulce
229 2887 331 2941 natant
354 2881 446 2962 oculi,
469 2901 544 2961 quos
568 2885 594 2942 si
617 2883 678 2943 fors
702 2889 796 2943 vertat
818 2883 850 2940 in
872 2881 1004 2961 hostem,

98 2972 276 3049 attonitos,
300 2968 395 3030 solum
419 2970 489 3031 dum
512 2974 617 3052 cernit,
644 2971 771 3031 inebriat
792 2969 889 3030 ludos.

70 3068 103 3117 35
121 3065 182 3120 tum
207 3056 332 3119 salebris
357 3057 466 3119 saliens
490 3062 627 3138 quotiens
652 3078 683 3120 se
707 3060 839 3120 concutit
861 3061 938 3140 axis,

119 3149 229 3226 passim
253 3147 379 3207 deciduo
402 3148 591 3226 perfunditur
614 3149 711 3209 orbita
732 3156 839 3209 musto.

119 3236 306 3317 Bassaridas,
329 3236 462 3317 Satyros,
486 3237 579 3299 Panas
602 3238 778 3316 Faunosque
802 3236 926 3298 docebat

69 3457 98 3494 rm
114 3445 195 3514 oulyo
209 3445 248 3512 118
267 3444 345 3496 totus
360 3443 421 3497 ΤΡ
430 3444 440 3511 1
455 3448 488 3497 10
507 3443 588 3514 voce]
607 3443 661 3497 fine
676 3444 773 3513 Ρ1118
790 3443 912 3513 primum
925 3455 1045 3495 nascens

73 3517 129 3582 lit>
148 3513 289 3582 utrimque
308 3514 403 3583 Ρ1133
422 3514 509 3569 vertit
527 3515 585 3569 ΡΤ
596 3517 605 3584 11
620 3521 652 3569 35
673 3514 797 3569 salebras
818 3513 880 3568 PF
889 3515 902 3581 11
