2414 3864
443 167 594 222 CARMEN
612 168 647 223 V.
986 169 1051 234 267

126 318 190 377 iure
214 334 278 397 suo,
300 318 409 376 virtute
432 333 507 397 mea,
530 317 714 396 fecundaque
737 320 852 399 poeniS,

70 416 108 465 ³5
126 423 200 485 quos
223 407 327 485 patiar,
350 407 442 484 pario.
488 408 618 484 propriis
641 405 684 466 nil
708 407 827 467 coniicit
850 409 953 467 armis:

126 493 266 575 Gaetulis,
289 492 439 574 Nomadis,
462 492 688 555 Garamantibus
711 494 922 576 autololisque,

125 584 247 665 Arzuge,
269 581 455 664 Marmarida,
477 582 584 665 Psyllo,
607 583 772 644 Nasamone
796 587 919 645 timetur

127 675 236 752 segnis,
260 680 290 732 et
312 674 428 750 ingenti
451 673 564 732 serrum
587 674 646 732 iam
669 675 766 734 nescit
789 672 824 733 ab
845 692 925 733 auro.

126 763 184 840 ipsi
207 769 307 822 autem
330 760 412 821 color
435 763 601 842 exsanguia,
626 780 714 840 quem
739 762 857 841 crapula
880 769 967 822 vexat

70 856 108 910 to
126 857 155 910 et
177 849 291 928 pallens
314 849 463 928 pinguedo
487 856 577 930 tenet,
601 868 752 929 ganeaque
776 853 902 929 perenni

123 956 247 1018 pressus
269 945 456 999 acescentem
480 939 649 999 stomachus
672 956 733 998 non
756 939 882 1019 explicat
905 959 1016 1002 auram.

123 1046 177 1106 par
200 1034 247 1088 est
270 1029 328 1087 vita
352 1029 429 1108 suis3
451 1045 512 1087 uon
535 1029 578 1087 sic
601 1027 749 1089 Barcaeus
773 1031 900 1106 opimam

123 1115 269 1177 Hannibal
292 1116 328 1176 ad
352 1116 482 1195 Capuam
504 1117 603 1197 periit,
627 1135 695 1177 cum
718 1117 806 1177 fortia
829 1117 907 1178 bello

123 1208 203 1266 inter
226 1204 347 1266 delicias
370 1204 520 1266 mollirent
543 1223 668 1285 corpora
691 1206 777 1267 Baiae

70 1299 106 1354 ts
124 1302 162 1375 et,
187 1312 219 1354 se
242 1293 385 1355 Lucrinas
410 1312 467 1373 qua
489 1297 586 1372 vergit
608 1293 724 1355 Gaurus
748 1297 780 1355 in
804 1295 911 1376 undas,

123 1382 244 1442 brachia
266 1381 410 1462 Massylus
433 1385 556 1444 iactaret
579 1386 664 1461 nigra
687 1391 811 1443 natator.

123 1479 210 1551 atque
234 1470 301 1530 ideo
328 1472 408 1532 hunc
431 1471 584 1532 dominum
608 1471 714 1532 saltem
737 1478 805 1551 post
828 1471 946 1532 saecula
968 1477 1050 1532 tanta

123 1560 250 1621 ultorem
273 1560 347 1619 mihi
370 1559 471 1641 redde,
494 1579 609 1641 precor,
632 1579 671 1620 nc
694 1561 815 1620 dimicet
839 1559 915 1619 ultra

124 1649 267 1727 Carthago
290 1648 405 1709 ltaliam
427 1647 551 1710 contra'
597 1652 640 1710 sic
664 1650 723 1709 lata
746 1648 846 1708 dolore

70 1747 106 1800 50
124 1740 270 1817 ingemuit
292 1737 483 1817 lacrimisque
506 1756 611 1817 preces
635 1738 747 1798 adiuvit
770 1736 892 1798 obortis.

122 1828 169 1888 his
193 1827 266 1887 haec
289 1827 383 1887 Roma
405 1829 510 1888 refert:
535 1823 648 1905 ‘longas
672 1829 813 1906 succinge
837 1827 983 1909 querelas,

123 1935 139 1976 o
163 1916 268 1976 devota
290 1916 377 1976 mihi:
400 1917 508 1977 vindex
530 1915 587 1976 tibi
608 1918 729 1976 nomine
753 1916 853 1976 divum

121 2005 302 2066 Maiorianus
326 2007 392 2066 erit.
438 2005 490 2065 sed
513 2007 616 2083 paucis
639 2024 733 2084 pauca
755 2012 896 2066 retexam.

122 2113 158 2154 ex
182 2112 241 2174 quo
264 2094 451 2155 Theudosius
474 2096 641 2154 communia
664 2097 729 2155 iura
752 2094 852 2172 fugato

70 2195 103 2245 55
122 2183 252 2244 reddidit
275 2186 404 2243 auctoris
428 2183 522 2262 fratri,
546 2185 594 2242 cui
617 2190 735 2260 guttura
758 2183 847 2260 lrcgit

121 2281 189 2352 post
212 2275 244 2332 in
268 2291 299 2332 se
322 2271 464 2333 vertenda
487 2289 601 2351 manus,
625 2289 690 2331 mea
714 2271 808 2331 Gallia
832 2289 933 2331 rerum

121 2365 276 2441 ignoratur
299 2361 394 2422 adhuc
418 2361 546 2421 dominis
570 2362 731 2438 ignaraque
756 2361 856 2420 servit.

122 2470 158 2512 ex
182 2449 233 2509 illo
256 2449 382 2510 multum
405 2451 504 2531 periit,
529 2451 597 2528 quia
620 2450 754 2528 principe
779 2448 888 2530 clauso,

121 2541 258 2619 quisquis
281 2545 353 2620 erat,
376 2540 481 2598 miseri
503 2539 629 2599 diversis
652 2536 787 2616 partibus
811 2537 892 2597 orbis

72 2643 104 2691 eo
123 2629 233 2689 vastari
256 2627 399 2688 sollemne
423 2628 486 2688 luit.
534 2644 608 2707 quae
632 2629 691 2686 vita
714 2625 854 2707 placeret,

121 2735 189 2779 oum
213 2724 312 2777 rector
335 2716 533 2777 moderandus
557 2713 642 2776 erat?
665 2723 834 2794 contempta
857 2721 901 2775 tot
924 2733 1017 2776 annos

121 2804 260 2867 nobilitas
284 2808 389 2868 iacuit:
411 2808 541 2886 pretium
565 2804 733 2884 respublica
757 2806 828 2865 lorti

120 2894 236 2956 rettulit
259 2895 408 2956 invidiam.
455 2897 595 2974 princeps
618 2894 691 2955 haec
715 2896 814 2955 omnia
836 2899 939 2953 noster

121 2986 246 3062 corrigit
269 2991 355 3064 atque
379 2991 463 3045 tuum
486 2986 565 3043 vires
589 3001 623 3043 ex
649 2983 786 3062 gentibus
810 2983 922 3043 addens

73 3083 104 3133 oo
124 3074 160 3133 ad
183 3071 294 3133 bellum
316 3092 371 3153 per
394 3071 471 3132 bella
493 3075 588 3154 veuit3
611 3090 680 3132 nam
703 3074 849 3133 maximus
873 3073 933 3132 isse
956 3078 1012 3153 est,

104 3320 155 3370 336
178 3314 375 3384 Autololisque
397 3316 492 3387 culpo,
520 3313 699 3383 autoloisque
722 3314 943 3384 (autholoisque)
970 3313 1047 3368 codd.

75 3391 125 3442 348
151 3385 289 3440 victorem
318 3388 355 3441 M
385 3389 395 3456 fl
426 3391 478 3440 350
506 3385 637 3455 adiungit
664 3385 693 3440 P
721 3389 730 3454 ΙΙ
761 3391 813 3440 352
840 3384 955 3439 numine
984 3385 1010 3438 T
1039 3384 1049 3455 li

70 3463 85 3511 3
102 3457 200 3528 paucis
214 3459 305 3529 culpo,
323 3456 417 3526 parvis
431 3459 508 3514 codd.
525 3460 568 3526 (in
580 3474 635 3513 ras.
650 3455 707 3526 Pb)
725 3459 730 3527 Ι
746 3473 833 3526 parva
850 3456 957 3526 Ollsstt
972 3453 1048 3522 quis·

70 3527 102 3582 id
121 3530 168 3600 0⁸,
187 3528 321 3597 quiequid
342 3528 430 3601 0le
444 3533 496 3585 361
516 3530 669 3587 moderans
688 3528 775 3587 derat
791 3528 984 3593 Moronueoi
