<?xml version="1.0" encoding="UTF-8"?>
<!DOCTYPE html PUBLIC "-//W3C//DTD XHTML 1.0 Transitional//EN"
    "http://www.w3.org/TR/xhtml1/DTD/xhtml1-transitional.dtd">
<html xmlns="http://www.w3.org/1999/xhtml" xml:lang="en" lang="en">
 <head>
  <title>
</title>
<meta http-equiv="Content-Type" content="text/html;charset=utf-8" />
  <meta name='ocr-system' content='tesseract 3.04.00' />
  <meta name='ocr-capabilities' content='ocr_page ocr_carea ocr_par ocr_line ocrx_word'/>
</head>
<body>
  <div class='ocr_page' id='page_1' title='image "./csolliusapollin00apolgoog_0160.png"; bbox 0 0 2392 3854; ppageno 0'>
   <div class='ocr_carea' id='block_1_1' title="bbox 198 182 1054 250">
    <p class='ocr_par' dir='ltr' id='par_1_1' title="bbox 198 182 1054 250">
     <span class='ocr_line' id='line_1_1' title="bbox 198 182 1054 250; baseline 0.014 -14"><span class='ocrx_word' id='word_1_1' title='bbox 198 182 366 238; x_wconf 85' lang='lat' dir='ltr'>SIDONIUS</span> <span class='ocrx_word' id='word_1_2' title='bbox 383 182 606 239; x_wconf 78' lang='lat' dir='ltr'>APOLLINAlil</span> <span class='ocrx_word' id='word_1_3' title='bbox 625 183 694 239; x_wconf 86' lang='lat' dir='ltr'>SUO</span> <span class='ocrx_word' id='word_1_4' title='bbox 714 182 891 240; x_wconf 81' lang='lat' dir='ltr'><strong>SALUTEM.</strong></span> <span class='ocrx_word' id='word_1_5' title='bbox 992 183 1054 250; x_wconf 78' lang='grc'>107</span> 
     </span>
    </p>
   </div>
   <div class='ocr_carea' id='block_1_2' title="bbox 41 329 1055 678">
    <p class='ocr_par' dir='ltr' id='par_1_2' title="bbox 41 329 1055 678">
     <span class='ocr_line' id='line_1_2' title="bbox 41 329 1055 413; baseline 0.007 -25"><span class='ocrx_word' id='word_1_6' title='bbox 41 329 141 392; x_wconf 90' lang='lat' dir='ltr'>bibere</span> <span class='ocrx_word' id='word_1_7' title='bbox 172 334 351 413; x_wconf 90' lang='lat' dir='ltr'>satietatem,</span> <span class='ocrx_word' id='word_1_8' title='bbox 379 335 406 393; x_wconf 93' lang='lat' dir='ltr'>si</span> <span class='ocrx_word' id='word_1_9' title='bbox 429 332 593 413; x_wconf 79' lang='lat' dir='ltr'>displicuit,</span> <span class='ocrx_word' id='word_1_10' title='bbox 622 332 725 394; x_wconf 81' lang='lat' dir='ltr'>debuit</span> <span class='ocrx_word' id='word_1_11' title='bbox 747 352 866 394; x_wconf 87' lang='lat' dir='ltr'>morere</span> <span class='ocrx_word' id='word_1_12' title='bbox 895 334 1055 396; x_wconf 83' lang='lat' dir='ltr'>fastidium.</span> 
     </span>
     <span class='ocr_line' id='line_1_3' title="bbox 45 421 1055 504; baseline 0.006 -27"><span class='ocrx_word' id='word_1_13' title='bbox 45 424 75 478; x_wconf 92' lang='lat' dir='ltr'>tu</span> <span class='ocrx_word' id='word_1_14' title='bbox 97 428 202 503; x_wconf 87' lang='lat' dir='ltr'>autem,</span> <span class='ocrx_word' id='word_1_15' title='bbox 225 421 368 500; x_wconf 83' lang='lat' dir='ltr'>quicquid</span> <span class='ocrx_word' id='word_1_16' title='bbox 391 421 464 482; x_wconf 93' lang='lat' dir='ltr'>illud</span> <span class='ocrx_word' id='word_1_17' title='bbox 484 429 538 502; x_wconf 88' lang='lat' dir='ltr'>est,-</span> <span class='ocrx_word' id='word_1_18' title='bbox 561 421 650 482; x_wconf 88' lang='lat' dir='ltr'>fidem</span> <span class='ocrx_word' id='word_1_19' title='bbox 671 430 753 483; x_wconf 88' lang='lat' dir='ltr'>tuam</span> <span class='ocrx_word' id='word_1_20' title='bbox 772 422 910 483; x_wconf 82' lang='lat' dir='ltr'>celeriter</span> <span class='ocrx_word' id='word_1_21' title='bbox 928 422 1055 504; x_wconf 91' lang='lat' dir='ltr'>absolve,</span> 
     </span>
     <span class='ocr_line' id='line_1_4' title="bbox 46 510 1055 592; baseline 0.005 -25"><span class='ocrx_word' id='word_1_22' title='bbox 46 524 89 589; x_wconf 87' lang='lat' dir='ltr'>ne,</span> <span class='ocrx_word' id='word_1_23' title='bbox 109 512 136 570; x_wconf 91' lang='lat' dir='ltr'>si</span> <span class='ocrx_word' id='word_1_24' title='bbox 157 513 318 590; x_wconf 91' lang='lat' dir='ltr'>repetitum</span> <span class='ocrx_word' id='word_1_25' title='bbox 336 510 468 571; x_wconf 90' lang='lat' dir='ltr'>libellum</span> <span class='ocrx_word' id='word_1_26' title='bbox 488 513 586 571; x_wconf 91' lang='lat' dir='ltr'>serius</span> <span class='ocrx_word' id='word_1_27' title='bbox 605 510 730 572; x_wconf 82' lang='lat' dir='ltr'>reddere</span> <span class='ocrx_word' id='word_1_28' title='bbox 748 529 845 592; x_wconf 89' lang='lat' dir='ltr'>paras,</span> <span class='ocrx_word' id='word_1_29' title='bbox 868 511 1055 572; x_wconf 83' lang='lat' dir='ltr'>membranas</span> 
     </span>
     <span class='ocr_line' id='line_1_5' title="bbox 48 599 775 678; baseline 0.006 -22"><span class='ocrx_word' id='word_1_30' title='bbox 48 600 136 672; x_wconf 90' lang='lat' dir='ltr'>potius</span> <span class='ocrx_word' id='word_1_31' title='bbox 158 600 286 661; x_wconf 90' lang='lat' dir='ltr'>videaris</span> <span class='ocrx_word' id='word_1_32' title='bbox 310 618 407 660; x_wconf 89' lang='lat' dir='ltr'>amare</span> <span class='ocrx_word' id='word_1_33' title='bbox 432 619 520 678; x_wconf 92' lang='lat' dir='ltr'>quam</span> <span class='ocrx_word' id='word_1_34' title='bbox 543 599 665 660; x_wconf 89' lang='lat' dir='ltr'>litteras.</span> <span class='ocrx_word' id='word_1_35' title='bbox 703 600 775 661; x_wconf 85' lang='lat' dir='ltr'>vale.</span> 
     </span>
    </p>
   </div>
   <div class='ocr_carea' id='block_1_3' title="bbox 196 843 1094 1022">
    <p class='ocr_par' dir='ltr' id='par_1_3' title="bbox 196 843 1094 1022">
     <span class='ocr_line' id='line_1_6' title="bbox 515 843 1044 908; baseline -0.013 0"><span class='ocrx_word' id='word_1_36' title='bbox 515 843 573 908; x_wconf 89' lang='lat' dir='ltr'>IH.</span> <span class='ocrx_word' id='word_1_37' title='bbox 1041 894 1044 901; x_wconf 86' lang='grc'>.</span> 
     </span>
     <span class='ocr_line' id='line_1_7' title="bbox 196 964 1094 1022; baseline 0.001 -3"><span class='ocrx_word' id='word_1_38' title='bbox 196 964 365 1021; x_wconf 85' lang='lat' dir='ltr'>SIDONIUS</span> <span class='ocrx_word' id='word_1_39' title='bbox 384 966 607 1022; x_wconf 80' lang='lat' dir='ltr'>APOLLINARI</span> <span class='ocrx_word' id='word_1_40' title='bbox 626 965 694 1020; x_wconf 92' lang='lat' dir='ltr'>SUO</span> <span class='ocrx_word' id='word_1_41' title='bbox 715 965 893 1022; x_wconf 80' lang='lat' dir='ltr'>SALUTEM.</span> <span class='ocrx_word' id='word_1_42' title='bbox 1081 979 1094 1020; x_wconf 78' lang='lat' dir='ltr'>a</span> 
     </span>
    </p>
   </div>
   <div class='ocr_carea' id='block_1_4' title="bbox 50 1073 1094 3292">
    <p class='ocr_par' dir='ltr' id='par_1_4' title="bbox 50 1073 1094 3292">
     <span class='ocr_line' id='line_1_8' title="bbox 112 1073 1054 1160; baseline 0.004 -23"><span class='ocrx_word' id='word_1_43' title='bbox 112 1073 135 1136; x_wconf 90' lang='lat' dir='ltr'>l.</span> <span class='ocrx_word' id='word_1_44' title='bbox 157 1077 213 1139; x_wconf 90' lang='lat' dir='ltr'>Par</span> <span class='ocrx_word' id='word_1_45' title='bbox 232 1086 298 1139; x_wconf 90' lang='lat' dir='ltr'>erat</span> <span class='ocrx_word' id='word_1_46' title='bbox 317 1079 437 1157; x_wconf 90' lang='lat' dir='ltr'>quidem</span> <span class='ocrx_word' id='word_1_47' title='bbox 456 1079 659 1160; x_wconf 82' lang='lat' dir='ltr'>garrulitatem</span> <span class='ocrx_word' id='word_1_48' title='bbox 677 1087 810 1139; x_wconf 90' lang='lat' dir='ltr'>nostram</span> <span class='ocrx_word' id='word_1_49' title='bbox 830 1079 941 1140; x_wconf 90' lang='lat' dir='ltr'>silentii</span> <span class='ocrx_word' id='word_1_50' title='bbox 961 1084 1054 1141; x_wconf 84' lang='lat' dir='ltr'>vestri</span> 
     </span>
     <span class='ocr_line' id='line_1_9' title="bbox 59 1162 1053 1252; baseline 0.01 -32"><span class='ocrx_word' id='word_1_51' title='bbox 59 1162 146 1227; x_wconf 86' lang='lat' dir='ltr'>talime</span> <span class='ocrx_word' id='word_1_52' title='bbox 175 1168 295 1227; x_wconf 81' lang='lat' dir='ltr'>frenari.</span> <span class='ocrx_word' id='word_1_53' title='bbox 347 1168 399 1229; x_wconf 89' lang='lat' dir='ltr'>sed</span> <span class='ocrx_word' id='word_1_54' title='bbox 427 1171 568 1248; x_wconf 88' lang='lat' dir='ltr'>quoniam</span> <span class='ocrx_word' id='word_1_55' title='bbox 594 1169 726 1246; x_wconf 87' lang='lat' dir='ltr'>perfecta</span> <span class='ocrx_word' id='word_1_56' title='bbox 756 1168 877 1229; x_wconf 91' lang='lat' dir='ltr'>dilectio</span> <span class='ocrx_word' id='word_1_57' title='bbox 905 1187 965 1229; x_wconf 94' lang='lat' dir='ltr'>non</span> <span class='ocrx_word' id='word_1_58' title='bbox 993 1177 1053 1252; x_wconf 88' lang='lat' dir='ltr'>tam</span> 
     </span>
     <span class='ocr_line' id='line_1_10' title="bbox 61 1249 1053 1338; baseline 0.01 -30"><span class='ocrx_word' id='word_1_59' title='bbox 61 1249 129 1314; x_wconf 90' lang='lat' dir='ltr'>debet</span> <span class='ocrx_word' id='word_1_60' title='bbox 152 1255 299 1337; x_wconf 88' lang='lat' dir='ltr'>recolere,</span> <span class='ocrx_word' id='word_1_61' title='bbox 327 1257 399 1335; x_wconf 90' lang='lat' dir='ltr'>quid</span> <span class='ocrx_word' id='word_1_62' title='bbox 427 1259 594 1319; x_wconf 83' lang='lat' dir='ltr'>officiorum</span> <span class='ocrx_word' id='word_1_63' title='bbox 622 1256 727 1336; x_wconf 91' lang='lat' dir='ltr'>solvat,</span> <span class='ocrx_word' id='word_1_64' title='bbox 756 1276 844 1335; x_wconf 91' lang='lat' dir='ltr'>quam</span> <span class='ocrx_word' id='word_1_65' title='bbox 872 1259 1053 1338; x_wconf 78' lang='lat' dir='ltr'>meminisse,</span> 
     </span>
     <span class='ocr_line' id='line_1_11' title="bbox 62 1342 1053 1426; baseline 0.007 -28"><span class='ocrx_word' id='word_1_66' title='bbox 62 1342 115 1415; x_wconf 92' lang='lat' dir='ltr'>quid</span> <span class='ocrx_word' id='word_1_67' title='bbox 134 1344 249 1426; x_wconf 89' lang='lat' dir='ltr'>debeat,</span> <span class='ocrx_word' id='word_1_68' title='bbox 278 1347 367 1406; x_wconf 91' lang='lat' dir='ltr'>etiam</span> <span class='ocrx_word' id='word_1_69' title='bbox 390 1365 470 1407; x_wconf 91' lang='lat' dir='ltr'>nunc</span> <span class='ocrx_word' id='word_1_70' title='bbox 493 1347 598 1407; x_wconf 84' lang='lat' dir='ltr'>laxatis</span> <span class='ocrx_word' id='word_1_71' title='bbox 625 1345 822 1406; x_wconf 82' lang='lat' dir='ltr'>verecundiae</span> <span class='ocrx_word' id='word_1_72' title='bbox 849 1345 973 1406; x_wconf 90' lang='lat' dir='ltr'>habenis</span> <span class='ocrx_word' id='word_1_73' title='bbox 1002 1346 1053 1406; x_wconf 93' lang='lat' dir='ltr'>ob·</span> 
     </span>
     <span class='ocr_line' id='line_1_12' title="bbox 62 1433 1094 1514; baseline 0.008 -23"><span class='ocrx_word' id='word_1_74' title='bbox 62 1434 173 1508; x_wconf 75' lang='lat' dir='ltr'>sequium</span> <span class='ocrx_word' id='word_1_75' title='bbox 200 1433 324 1514; x_wconf 86' lang='lat' dir='ltr'>alloquii</span> <span class='ocrx_word' id='word_1_76' title='bbox 350 1436 505 1514; x_wconf 88' lang='lat' dir='ltr'>impudent</span> <span class='ocrx_word' id='word_1_77' title='bbox 492 1438 533 1496; x_wconf 94' lang='lat' dir='ltr'>tis</span> <span class='ocrx_word' id='word_1_78' title='bbox 560 1438 713 1496; x_wconf 81' lang='lat' dir='ltr'>iteramus,</span> <span class='ocrx_word' id='word_1_79' title='bbox 764 1437 850 1495; x_wconf 90' lang='lat' dir='ltr'>cuius</span> <span class='ocrx_word' id='word_1_80' title='bbox 877 1435 1052 1513; x_wconf 89' lang='lat' dir='ltr'>improbitas</span> <span class='ocrx_word' id='word_1_81' title='bbox 1068 1459 1094 1499; x_wconf 76' lang='lat' dir='ltr'>io</span> 
     </span>
     <span class='ocr_line' id='line_1_13' title="bbox 61 1516 1053 1606; baseline 0.008 -30"><span class='ocrx_word' id='word_1_82' title='bbox 61 1516 94 1576; x_wconf 84' lang='lat' dir='ltr'>ol</span> <span class='ocrx_word' id='word_1_83' title='bbox 116 1520 179 1583; x_wconf 91' lang='lat' dir='ltr'>binc</span> <span class='ocrx_word' id='word_1_84' title='bbox 206 1525 335 1584; x_wconf 85' lang='lat' dir='ltr'>maxime</span> <span class='ocrx_word' id='word_1_85' title='bbox 365 1523 542 1606; x_wconf 90' lang='lat' dir='ltr'>dinoscitur,</span> <span class='ocrx_word' id='word_1_86' title='bbox 575 1523 654 1603; x_wconf 89' lang='lat' dir='ltr'>quod</span> <span class='ocrx_word' id='word_1_87' title='bbox 682 1526 796 1584; x_wconf 81' lang='lat' dir='ltr'>tacetis</span> <span class='ocrx_word' id='word_1_88' title='bbox 843 1542 952 1601; x_wconf 83' lang='lat' dir='ltr'>ergone</span> <span class='ocrx_word' id='word_1_89' title='bbox 981 1525 1053 1603; x_wconf 91' lang='lat' dir='ltr'>quid</span> 
     </span>
     <span class='ocr_line' id='line_1_14' title="bbox 62 1609 1053 1695; baseline 0.006 -29"><span class='ocrx_word' id='word_1_90' title='bbox 62 1609 168 1687; x_wconf 82' lang='lat' dir='ltr'>tempore</span> <span class='ocrx_word' id='word_1_91' title='bbox 188 1612 342 1673; x_wconf 89' lang='lat' dir='ltr'>hostilitat&#39;</span> <span class='ocrx_word' id='word_1_92' title='bbox 321 1619 361 1672; x_wconf 89' lang='lat' dir='ltr'>trs</span> <span class='ocrx_word' id='word_1_93' title='bbox 380 1616 516 1695; x_wconf 82' lang='lat' dir='ltr'>ageretis</span> <span class='ocrx_word' id='word_1_94' title='bbox 539 1613 597 1673; x_wconf 90' lang='lat' dir='ltr'>frat</span> <span class='ocrx_word' id='word_1_95' title='bbox 584 1620 640 1693; x_wconf 93' lang='lat' dir='ltr'>ter,</span> <span class='ocrx_word' id='word_1_96' title='bbox 663 1630 752 1673; x_wconf 90' lang='lat' dir='ltr'>nosse</span> <span class='ocrx_word' id='word_1_97' title='bbox 771 1630 832 1673; x_wconf 93' lang='lat' dir='ltr'>non</span> <span class='ocrx_word' id='word_1_98' title='bbox 850 1610 969 1673; x_wconf 76' lang='lat' dir='ltr'>merui?</span> <span class='ocrx_word' id='word_1_99' title='bbox 993 1612 1053 1673; x_wconf 94' lang='lat' dir='ltr'>dis·</span> 
     </span>
     <span class='ocr_line' id='line_1_15' title="bbox 62 1694 1053 1780; baseline 0.005 -23.056"><span class='ocrx_word' id='word_1_100' title='bbox 62 1694 233 1761; x_wconf 83' lang='lat' dir='ltr'>sindastist</span> <span class='ocrx_word' id='word_1_101' title='bbox 220 1701 339 1780; x_wconf 91' lang='lat' dir='ltr'>trepido</span> <span class='ocrx_word' id='word_1_102' title='bbox 361 1721 416 1780; x_wconf 94' lang='lat' dir='ltr'>pro</span> <span class='ocrx_word' id='word_1_103' title='bbox 435 1702 518 1775; x_wconf 83' lang='lat' dir='ltr'>vobis</span> <span class='ocrx_word' id='word_1_104' title='bbox 538 1704 633 1762; x_wconf 90' lang='lat' dir='ltr'>amico</span> <span class='ocrx_word' id='word_1_105' title='bbox 652 1700 699 1762; x_wconf 92' lang='lat' dir='ltr'>vel</span> <span class='ocrx_word' id='word_1_106' title='bbox 718 1703 908 1762; x_wconf 86' lang='lat' dir='ltr'>securitatem</span> <span class='ocrx_word' id='word_1_107' title='bbox 925 1702 1053 1780; x_wconf 90' lang='lat' dir='ltr'>prodere</span> 
     </span>
     <span class='ocr_line' id='line_1_16' title="bbox 61 1782 1053 1894; baseline 0.008 -52"><span class='ocrx_word' id='word_1_108' title='bbox 61 1782 94 1843; x_wconf 83' lang='lat' dir='ltr'>vel</span> <span class='ocrx_word' id='word_1_109' title='bbox 107 1787 260 1851; x_wconf 79' lang='lat' dir='ltr'>timorem?</span> <span class='ocrx_word' id='word_1_110' title='bbox 298 1788 327 1850; x_wconf 84' lang='lat'>2.</span> <span class='ocrx_word' id='word_1_111' title='bbox 351 1790 423 1869; x_wconf 91' lang='lat' dir='ltr'>quid</span> <span class='ocrx_word' id='word_1_112' title='bbox 442 1798 488 1851; x_wconf 91' lang='lat' dir='ltr'>est</span> <span class='ocrx_word' id='word_1_113' title='bbox 506 1790 595 1871; x_wconf 88' lang='lat' dir='ltr'>aliud,</span> <span class='ocrx_word' id='word_1_114' title='bbox 619 1793 645 1850; x_wconf 91' lang='lat' dir='ltr'>si</span> <span class='ocrx_word' id='word_1_115' title='bbox 664 1792 861 1894; x_wconf 77' lang='lat' dir='ltr'>requirentit</span> <span class='ocrx_word' id='word_1_116' title='bbox 862 1808 915 1850; x_wconf 88' lang='lat' dir='ltr'>uas</span> <span class='ocrx_word' id='word_1_117' title='bbox 935 1794 1053 1870; x_wconf 90' lang='lat' dir='ltr'>suppri-</span> 
     </span>
     <span class='ocr_line' id='line_1_17' title="bbox 60 1878 1092 1960; baseline 0.008 -24"><span class='ocrx_word' id='word_1_118' title='bbox 60 1881 263 1960; x_wconf 71' lang='lat' dir='ltr'>cessationes,</span> <span class='ocrx_word' id='word_1_119' title='bbox 292 1897 380 1958; x_wconf 91' lang='lat' dir='ltr'>quam</span> <span class='ocrx_word' id='word_1_120' title='bbox 404 1882 551 1959; x_wconf 88' lang='lat' dir='ltr'>suspicari</span> <span class='ocrx_word' id='word_1_121' title='bbox 575 1897 653 1959; x_wconf 91' lang='lat' dir='ltr'>eum,</span> <span class='ocrx_word' id='word_1_122' title='bbox 677 1882 729 1958; x_wconf 91' lang='lat' dir='ltr'>qui</span> <span class='ocrx_word' id='word_1_123' title='bbox 751 1881 796 1939; x_wconf 91' lang='lat' dir='ltr'>tui</span> <span class='ocrx_word' id='word_1_124' title='bbox 820 1878 966 1940; x_wconf 91' lang='lat' dir='ltr'>sollicitus</span> <span class='ocrx_word' id='word_1_125' title='bbox 990 1883 1051 1941; x_wconf 85' lang='lat' dir='ltr'>exi·</span> <span class='ocrx_word' id='word_1_126' title='bbox 1066 1902 1092 1944; x_wconf 90' lang='lat'>15</span> 
     </span>
     <span class='ocr_line' id='line_1_18' title="bbox 61 1966 1053 2048; baseline 0.006 -24"><span class='ocrx_word' id='word_1_127' title='bbox 61 1966 113 2045; x_wconf 79' lang='lat' dir='ltr'>slat,</span> <span class='ocrx_word' id='word_1_128' title='bbox 141 1974 190 2028; x_wconf 93' lang='lat' dir='ltr'>aut</span> <span class='ocrx_word' id='word_1_129' title='bbox 223 1975 304 2028; x_wconf 90' lang='lat' dir='ltr'>certe</span> <span class='ocrx_word' id='word_1_130' title='bbox 337 1986 398 2028; x_wconf 89' lang='lat' dir='ltr'>non</span> <span class='ocrx_word' id='word_1_131' title='bbox 425 1972 596 2048; x_wconf 90' lang='lat' dir='ltr'>gavisurum</span> <span class='ocrx_word' id='word_1_132' title='bbox 626 1970 787 2047; x_wconf 87' lang='lat' dir='ltr'>compertis</span> <span class='ocrx_word' id='word_1_133' title='bbox 817 1971 971 2047; x_wconf 89' lang='lat' dir='ltr'>prosperis</span> <span class='ocrx_word' id='word_1_134' title='bbox 1002 1978 1053 2030; x_wconf 92' lang='lat' dir='ltr'>aut</span> 
     </span>
     <span class='ocr_line' id='line_1_19' title="bbox 60 2052 1052 2139; baseline 0.006 -27"><span class='ocrx_word' id='word_1_135' title='bbox 60 2052 162 2138; x_wconf 82' lang='lat' dir='ltr'>tristem,</span> <span class='ocrx_word' id='word_1_136' title='bbox 184 2058 211 2116; x_wconf 88' lang='lat' dir='ltr'>si</span> <span class='ocrx_word' id='word_1_137' title='bbox 235 2056 352 2117; x_wconf 88' lang='lat' dir='ltr'>diversa</span> <span class='ocrx_word' id='word_1_138' title='bbox 377 2061 531 2139; x_wconf 87' lang='lat' dir='ltr'>cesserint,</span> <span class='ocrx_word' id='word_1_139' title='bbox 554 2076 615 2117; x_wconf 94' lang='lat' dir='ltr'>non</span> <span class='ocrx_word' id='word_1_140' title='bbox 639 2054 793 2117; x_wconf 80' lang='lat' dir='ltr'>luturum‘?</span> <span class='ocrx_word' id='word_1_141' title='bbox 834 2058 961 2118; x_wconf 87' lang='lat' dir='ltr'>facessat</span> <span class='ocrx_word' id='word_1_142' title='bbox 979 2058 1052 2118; x_wconf 90' lang='lat' dir='ltr'>haec</span> 
     </span>
     <span class='ocr_line' id='line_1_20' title="bbox 59 2139 1052 2225; baseline 0.006 -25"><span class='ocrx_word' id='word_1_143' title='bbox 59 2139 161 2205; x_wconf 79' lang='lat' dir='ltr'>atonis</span> <span class='ocrx_word' id='word_1_144' title='bbox 183 2145 319 2206; x_wconf 91' lang='lat' dir='ltr'>moribus</span> <span class='ocrx_word' id='word_1_145' title='bbox 343 2148 504 2225; x_wconf 88' lang='lat' dir='ltr'>impietatis</span> <span class='ocrx_word' id='word_1_146' title='bbox 532 2149 632 2225; x_wconf 93' lang='lat' dir='ltr'>opinio</span> <span class='ocrx_word' id='word_1_147' title='bbox 661 2152 691 2205; x_wconf 90' lang='lat' dir='ltr'>et</span> <span class='ocrx_word' id='word_1_148' title='bbox 714 2165 731 2205; x_wconf 89' lang='lat' dir='ltr'>a</span> <span class='ocrx_word' id='word_1_149' title='bbox 754 2145 881 2206; x_wconf 91' lang='lat' dir='ltr'>candore</span> <span class='ocrx_word' id='word_1_150' title='bbox 906 2165 960 2205; x_wconf 92' lang='lat' dir='ltr'>suo</span> <span class='ocrx_word' id='word_1_151' title='bbox 983 2165 1052 2207; x_wconf 90' lang='lat' dir='ltr'>vera</span> 
     </span>
     <span class='ocr_line' id='line_1_21' title="bbox 59 2232 1051 2315; baseline 0.004 -25"><span class='ocrx_word' id='word_1_152' title='bbox 59 2232 143 2294; x_wconf 74' lang='lat' dir='ltr'>tonus</span> <span class='ocrx_word' id='word_1_153' title='bbox 160 2252 288 2294; x_wconf 84' lang='lat' dir='ltr'>naevum</span> <span class='ocrx_word' id='word_1_154' title='bbox 307 2242 367 2294; x_wconf 87' lang='lat' dir='ltr'>tam</span> <span class='ocrx_word' id='word_1_155' title='bbox 385 2237 512 2296; x_wconf 89' lang='lat' dir='ltr'>miserae</span> <span class='ocrx_word' id='word_1_156' title='bbox 532 2236 711 2313; x_wconf 89' lang='lat' dir='ltr'>suspicionis</span> <span class='ocrx_word' id='word_1_157' title='bbox 731 2234 872 2295; x_wconf 90' lang='lat' dir='ltr'>eliminet.</span> <span class='ocrx_word' id='word_1_158' title='bbox 914 2253 1051 2315; x_wconf 86' lang='lat' dir='ltr'>namque,</span> 
     </span>
     <span class='ocr_line' id='line_1_22' title="bbox 59 2319 1092 2404; baseline 0.006 -24"><span class='ocrx_word' id='word_1_159' title='bbox 59 2319 204 2402; x_wconf 77' lang='lat' dir='ltr'>uttrupus</span> <span class='ocrx_word' id='word_1_160' title='bbox 219 2331 318 2383; x_wconf 88' lang='lat' dir='ltr'>vester</span> <span class='ocrx_word' id='word_1_161' title='bbox 332 2324 468 2404; x_wconf 86' lang='lat' dir='ltr'>affirmat,</span> <span class='ocrx_word' id='word_1_162' title='bbox 485 2324 578 2383; x_wconf 91' lang='lat' dir='ltr'>idem</span> <span class='ocrx_word' id='word_1_163' title='bbox 597 2322 689 2382; x_wconf 88' lang='lat' dir='ltr'>velle</span> <span class='ocrx_word' id='word_1_164' title='bbox 709 2330 814 2401; x_wconf 88' lang='lat' dir='ltr'>atque</span> <span class='ocrx_word' id='word_1_165' title='bbox 833 2323 926 2383; x_wconf 93' lang='lat' dir='ltr'>idem</span> <span class='ocrx_word' id='word_1_166' title='bbox 940 2323 1051 2403; x_wconf 92' lang='lat' dir='ltr'>nolle,</span> <span class='ocrx_word' id='word_1_167' title='bbox 1066 2347 1092 2387; x_wconf 81' lang='lat' dir='ltr'>eo</span> 
     </span>
     <span class='ocr_line' id='line_1_23' title="bbox 58 2408 1051 2473; baseline 0.007 -8"><span class='ocrx_word' id='word_1_168' title='bbox 58 2410 233 2473; x_wconf 83' lang='lat' dir='ltr'>cadomum</span> <span class='ocrx_word' id='word_1_169' title='bbox 261 2412 366 2472; x_wconf 88' lang='lat' dir='ltr'>lirma</span> <span class='ocrx_word' id='word_1_170' title='bbox 394 2414 517 2473; x_wconf 90' lang='lat' dir='ltr'>amicit</span> <span class='ocrx_word' id='word_1_171' title='bbox 522 2414 554 2472; x_wconf 95' lang='lat' dir='ltr'>ia</span> <span class='ocrx_word' id='word_1_172' title='bbox 583 2419 645 2472; x_wconf 91' lang='lat' dir='ltr'>est.</span> <span class='ocrx_word' id='word_1_173' title='bbox 625 2408 721 2472; x_wconf 87' lang='lat' dir='ltr'>t3</span> <span class='ocrx_word' id='word_1_174' title='bbox 745 2414 859 2471; x_wconf 90' lang='lat' dir='ltr'>interea</span> <span class='ocrx_word' id='word_1_175' title='bbox 882 2414 908 2471; x_wconf 91' lang='lat' dir='ltr'>si</span> <span class='ocrx_word' id='word_1_176' title='bbox 932 2411 976 2472; x_wconf 90' lang='lat' dir='ltr'>vel</span> <span class='ocrx_word' id='word_1_177' title='bbox 1000 2431 1051 2472; x_wconf 87' lang='lat' dir='ltr'>vos</span> 
     </span>
     <span class='ocr_line' id='line_1_24' title="bbox 56 2494 1051 2581; baseline 0.007 -27"><span class='ocrx_word' id='word_1_178' title='bbox 56 2494 150 2581; x_wconf 79' lang='lat' dir='ltr'>valetis,</span> <span class='ocrx_word' id='word_1_179' title='bbox 175 2501 253 2562; x_wconf 91' lang='lat' dir='ltr'>bene</span> <span class='ocrx_word' id='word_1_180' title='bbox 276 2510 330 2561; x_wconf 91' lang='lat' dir='ltr'>est.</span> <span class='ocrx_word' id='word_1_181' title='bbox 377 2519 431 2580; x_wconf 92' lang='lat' dir='ltr'>ego</span> <span class='ocrx_word' id='word_1_182' title='bbox 455 2508 568 2581; x_wconf 91' lang='lat' dir='ltr'>autem,</span> <span class='ocrx_word' id='word_1_183' title='bbox 599 2500 727 2560; x_wconf 81' lang='lat' dir='ltr'>infelicis</span> <span class='ocrx_word' id='word_1_184' title='bbox 751 2502 951 2560; x_wconf 90' lang='lat' dir='ltr'>conscientiae</span> <span class='ocrx_word' id='word_1_185' title='bbox 974 2501 1051 2562; x_wconf 94' lang='lat' dir='ltr'>mole</span> 
     </span>
     <span class='ocr_line' id='line_1_25' title="bbox 57 2548 1051 2694; baseline 0.006 -50"><span class='ocrx_word' id='word_1_186' title='bbox 57 2548 203 2694; x_wconf 84' lang='lat' dir='ltr'>depressus,</span> <span class='ocrx_word' id='word_1_187' title='bbox 225 2593 255 2649; x_wconf 86' lang='lat' dir='ltr'>vi</span> <span class='ocrx_word' id='word_1_188' title='bbox 279 2589 407 2650; x_wconf 77' lang='lat' dir='ltr'>febrium</span> <span class='ocrx_word' id='word_1_189' title='bbox 430 2608 527 2669; x_wconf 92' lang='lat' dir='ltr'>nuper</span> <span class='ocrx_word' id='word_1_190' title='bbox 551 2608 586 2650; x_wconf 85' lang='lat' dir='ltr'>ex</span> <span class='ocrx_word' id='word_1_191' title='bbox 589 2597 717 2650; x_wconf 90' lang='lat' dir='ltr'>tremum</span> <span class='ocrx_word' id='word_1_192' title='bbox 736 2589 841 2649; x_wconf 86' lang='lat' dir='ltr'>salutis</span> <span class='ocrx_word' id='word_1_193' title='bbox 860 2587 982 2671; x_wconf 81' lang='lat' dir='ltr'>accessi,</span> <span class='ocrx_word' id='word_1_194' title='bbox 1005 2599 1051 2650; x_wconf 89' lang='lat' dir='ltr'>ut-</span> 
     </span>
     <span class='ocr_line' id='line_1_26' title="bbox 56 2677 1052 2758; baseline 0.004 -22"><span class='ocrx_word' id='word_1_195' title='bbox 56 2681 108 2747; x_wconf 83' lang='lat' dir='ltr'>pote</span> <span class='ocrx_word' id='word_1_196' title='bbox 129 2681 176 2739; x_wconf 90' lang='lat' dir='ltr'>cui</span> <span class='ocrx_word' id='word_1_197' title='bbox 199 2678 409 2757; x_wconf 85' lang='lat' dir='ltr'>indignissimo</span> <span class='ocrx_word' id='word_1_198' title='bbox 428 2686 527 2739; x_wconf 91' lang='lat' dir='ltr'>tantae</span> <span class='ocrx_word' id='word_1_199' title='bbox 545 2679 743 2757; x_wconf 85' lang='lat' dir='ltr'>professionis</span> <span class='ocrx_word' id='word_1_200' title='bbox 757 2677 897 2758; x_wconf 93' lang='lat' dir='ltr'>pondus</span> <span class='ocrx_word' id='word_1_201' title='bbox 890 2687 1000 2758; x_wconf 81' lang='lat' dir='ltr'>impact</span> <span class='ocrx_word' id='word_1_202' title='bbox 1002 2699 1052 2740; x_wconf 93' lang='lat' dir='ltr'>um</span> 
     </span>
     <span class='ocr_line' id='line_1_27' title="bbox 55 2766 1091 2848; baseline 0.009 -26"><span class='ocrx_word' id='word_1_203' title='bbox 55 2769 99 2843; x_wconf 84' lang='lat' dir='ltr'>cst,</span> <span class='ocrx_word' id='word_1_204' title='bbox 122 2770 172 2846; x_wconf 87' lang='lat' dir='ltr'>qui</span> <span class='ocrx_word' id='word_1_205' title='bbox 194 2770 301 2848; x_wconf 88' lang='lat' dir='ltr'>miser,</span> <span class='ocrx_word' id='word_1_206' title='bbox 328 2776 396 2829; x_wconf 92' lang='lat' dir='ltr'>ante</span> <span class='ocrx_word' id='word_1_207' title='bbox 424 2766 596 2847; x_wconf 90' lang='lat' dir='ltr'>compulsus</span> <span class='ocrx_word' id='word_1_208' title='bbox 625 2768 731 2827; x_wconf 91' lang='lat' dir='ltr'>docere</span> <span class='ocrx_word' id='word_1_209' title='bbox 760 2785 849 2846; x_wconf 89' lang='lat' dir='ltr'>quam</span> <span class='ocrx_word' id='word_1_210' title='bbox 877 2767 993 2828; x_wconf 90' lang='lat' dir='ltr'>discere</span> <span class='ocrx_word' id='word_1_211' title='bbox 1022 2776 1052 2829; x_wconf 92' lang='lat' dir='ltr'>et</span> <span class='ocrx_word' id='word_1_212' title='bbox 1066 2791 1091 2832; x_wconf 71' lang='grc' dir='ltr'>ιι</span> 
     </span>
     <span class='ocr_line' id='line_1_28' title="bbox 55 2855 1051 2937; baseline 0.004 -23"><span class='ocrx_word' id='word_1_213' title='bbox 55 2859 106 2914; x_wconf 84' lang='lat' dir='ltr'>uo</span> <span class='ocrx_word' id='word_1_214' title='bbox 126 2875 320 2935; x_wconf 91' lang='lat' dir='ltr'>praesumens</span> <span class='ocrx_word' id='word_1_215' title='bbox 342 2857 453 2917; x_wconf 92' lang='lat' dir='ltr'>bonum</span> <span class='ocrx_word' id='word_1_216' title='bbox 472 2855 645 2935; x_wconf 90' lang='lat' dir='ltr'>praedicare</span> <span class='ocrx_word' id='word_1_217' title='bbox 665 2873 754 2935; x_wconf 88' lang='lat' dir='ltr'>quam</span> <span class='ocrx_word' id='word_1_218' title='bbox 772 2856 878 2934; x_wconf 89' lang='lat' dir='ltr'>facere,</span> <span class='ocrx_word' id='word_1_219' title='bbox 901 2863 1051 2937; x_wconf 91' lang='lat' dir='ltr'>tamquam</span> 
     </span>
     <span class='ocr_line' id='line_1_29' title="bbox 54 2942 1051 3027; baseline 0.009 -28"><span class='ocrx_word' id='word_1_220' title='bbox 54 2942 145 3005; x_wconf 85' lang='lat' dir='ltr'>sterilis</span> <span class='ocrx_word' id='word_1_221' title='bbox 167 2945 265 3026; x_wconf 89' lang='lat' dir='ltr'>arbor,</span> <span class='ocrx_word' id='word_1_222' title='bbox 293 2965 361 3006; x_wconf 91' lang='lat' dir='ltr'>cum</span> <span class='ocrx_word' id='word_1_223' title='bbox 384 2965 444 3006; x_wconf 93' lang='lat' dir='ltr'>non</span> <span class='ocrx_word' id='word_1_224' title='bbox 468 2944 592 3005; x_wconf 91' lang='lat' dir='ltr'>habeam</span> <span class='ocrx_word' id='word_1_225' title='bbox 620 2963 710 3024; x_wconf 92' lang='lat' dir='ltr'>opera</span> <span class='ocrx_word' id='word_1_226' title='bbox 732 2963 787 3023; x_wconf 92' lang='lat' dir='ltr'>pro</span> <span class='ocrx_word' id='word_1_227' title='bbox 810 2947 916 3026; x_wconf 77' lang='lat' dir='ltr'>pomiS,</span> <span class='ocrx_word' id='word_1_228' title='bbox 945 2966 1051 3027; x_wconf 91' lang='lat' dir='ltr'>spargo</span> 
     </span>
     <span class='ocr_line' id='line_1_30' title="bbox 52 3030 1052 3114; baseline 0.011 -27"><span class='ocrx_word' id='word_1_229' title='bbox 52 3030 125 3092; x_wconf 80' lang='lat' dir='ltr'>rerba</span> <span class='ocrx_word' id='word_1_230' title='bbox 140 3052 195 3114; x_wconf 91' lang='lat' dir='ltr'>pro</span> <span class='ocrx_word' id='word_1_231' title='bbox 219 3033 308 3094; x_wconf 84' lang='lat' dir='ltr'>loliis</span> <span class='ocrx_word' id='word_1_232' title='bbox 345 3030 375 3095; x_wconf 89' lang='lat'>4.</span> <span class='ocrx_word' id='word_1_233' title='bbox 400 3034 479 3114; x_wconf 88' lang='lat' dir='ltr'>qnod</span> <span class='ocrx_word' id='word_1_234' title='bbox 502 3040 603 3113; x_wconf 89' lang='lat' dir='ltr'>restat,</span> <span class='ocrx_word' id='word_1_235' title='bbox 627 3040 719 3114; x_wconf 85' lang='lat' dir='ltr'>orate,</span> <span class='ocrx_word' id='word_1_236' title='bbox 742 3041 776 3095; x_wconf 92' lang='lat' dir='ltr'>ut</span> <span class='ocrx_word' id='word_1_237' title='bbox 795 3053 901 3114; x_wconf 89' lang='lat' dir='ltr'>operae</span> <span class='ocrx_word' id='word_1_238' title='bbox 920 3040 1052 3114; x_wconf 90' lang='lat' dir='ltr'>pretium</span> 
     </span>
     <span class='ocr_line' id='line_1_31' title="bbox 52 3117 1050 3206; baseline 0.01 -31"><span class='ocrx_word' id='word_1_239' title='bbox 52 3117 88 3199; x_wconf 86' lang='lat' dir='ltr'>sit,</span> <span class='ocrx_word' id='word_1_240' title='bbox 113 3122 190 3201; x_wconf 87' lang='lat' dir='ltr'>quod</span> <span class='ocrx_word' id='word_1_241' title='bbox 219 3122 255 3183; x_wconf 94' lang='lat' dir='ltr'>ab</span> <span class='ocrx_word' id='word_1_242' title='bbox 284 3123 400 3184; x_wconf 87' lang='lat' dir='ltr'>inlerna</span> <span class='ocrx_word' id='word_1_243' title='bbox 428 3122 644 3202; x_wconf 91' lang='lat' dir='ltr'>propemodum</span> <span class='ocrx_word' id='word_1_244' title='bbox 672 3122 742 3183; x_wconf 90' lang='lat' dir='ltr'>sede</span> <span class='ocrx_word' id='word_1_245' title='bbox 770 3126 977 3206; x_wconf 89' lang='lat' dir='ltr'>remeavimus,</span> <span class='ocrx_word' id='word_1_246' title='bbox 1004 3144 1050 3204; x_wconf 92' lang='lat' dir='ltr'>ne,</span> 
     </span>
     <span class='ocr_line' id='line_1_32' title="bbox 50 3207 1091 3292; baseline 0.002 -20"><span class='ocrx_word' id='word_1_247' title='bbox 50 3207 70 3265; x_wconf 78' lang='lat' dir='ltr'>Si</span> <span class='ocrx_word' id='word_1_248' title='bbox 88 3211 115 3271; x_wconf 90' lang='lat' dir='ltr'>in</span> <span class='ocrx_word' id='word_1_249' title='bbox 136 3213 308 3292; x_wconf 90' lang='lat' dir='ltr'>praeteritis</span> <span class='ocrx_word' id='word_1_250' title='bbox 335 3211 512 3273; x_wconf 92' lang='lat' dir='ltr'>criminibus</span> <span class='ocrx_word' id='word_1_251' title='bbox 539 3215 751 3291; x_wconf 90' lang='lat' dir='ltr'>manserimus,</span> <span class='ocrx_word' id='word_1_252' title='bbox 779 3214 902 3292; x_wconf 90' lang='lat' dir='ltr'>incipiat</span> <span class='ocrx_word' id='word_1_253' title='bbox 929 3215 965 3274; x_wconf 98' lang='lat' dir='ltr'>ad</span> <span class='ocrx_word' id='word_1_254' title='bbox 988 3216 1049 3274; x_wconf 93' lang='lat' dir='ltr'>ani·</span> <span class='ocrx_word' id='word_1_255' title='bbox 1064 3233 1091 3274; x_wconf 84' lang='lat' dir='ltr'>so</span> 
     </span>
    </p>
   </div>
   <div class='ocr_carea' id='block_1_5' title="bbox 43 3399 1060 3598">
    <p class='ocr_par' dir='ltr' id='par_1_5' title="bbox 43 3399 1051 3598">
     <span class='ocr_line' id='line_1_33' title="bbox 106 3399 488 3482; baseline 0 -29"><span class='ocrx_word' id='word_1_256' title='bbox 106 3405 140 3454; x_wconf 74' lang='lat'>20</span> <span class='ocrx_word' id='word_1_257' title='bbox 159 3399 275 3482; x_wconf 80' lang='lat' dir='ltr'>Sallust.</span> <span class='ocrx_word' id='word_1_258' title='bbox 292 3400 351 3455; x_wconf 83' lang='lat' dir='ltr'>Cat.</span> <span class='ocrx_word' id='word_1_259' title='bbox 366 3417 388 3455; x_wconf 90' lang='lat' dir='ltr'>c</span> <span class='ocrx_word' id='word_1_260' title='bbox 404 3405 448 3470; x_wconf 80' lang='lat'>20,</span> <span class='ocrx_word' id='word_1_261' title='bbox 464 3404 488 3453; x_wconf 85' lang='lat'>4.</span> 
     </span>
     <span class='ocr_line' id='line_1_34' title="bbox 43 3444 1060 3598; baseline -0.005 -73"><span class='ocrx_word' id='word_1_262' title='bbox 43 3539 90 3595; x_wconf 51' lang='lat' dir='ltr'>mis</span> <span class='ocrx_word' id='word_1_263' title='bbox 107 3476 147 3597; x_wconf 41' lang='lat'>11}</span> <span class='ocrx_word' id='word_1_264' title='bbox 152 3488 368 3598; x_wconf 50' lang='lat' dir='ltr'>&amp;opprimas</span> <span class='ocrx_word' id='word_1_265' title='bbox 334 3472 368 3542; x_wconf 75' lang='lat' dir='ltr'>L,</span> <span class='ocrx_word' id='word_1_266' title='bbox 388 3444 547 3542; x_wconf 81' lang='lat' dir='ltr'>subprimes</span> <span class='ocrx_word' id='word_1_267' title='bbox 566 3486 635 3527; x_wconf 75' lang='lat' dir='ltr'>corr.</span> <span class='ocrx_word' id='word_1_268' title='bbox 655 3474 687 3528; x_wconf 80' lang='lat' dir='ltr'>c&#39;u</span> <span class='ocrx_word' id='word_1_269' title='bbox 706 3472 861 3544; x_wconf 82' lang='lat' dir='ltr'>supprimis</span> <span class='ocrx_word' id='word_1_270' title='bbox 876 3472 916 3527; x_wconf 60' lang='lat' dir='ltr'>Nl</span> <span class='ocrx_word' id='word_1_271' title='bbox 923 3469 1060 3541; x_wconf 53' lang='lat' dir='ltr'>suppre-</span> 
     </span>
    </p>
   </div>
   <div class='ocr_carea' id='block_1_6' title="bbox 0 0 1200 3854">
    <p class='ocr_par' dir='ltr' id='par_1_6' title="bbox 0 0 1200 3854">
     <span class='ocr_line' id='line_1_35' title="bbox 0 0 1200 3854; baseline 0 4"><span class='ocrx_word' id='word_1_272' title='bbox 0 0 1200 3854; x_wconf 95' lang='lat' dir='ltr'> </span> 
     </span>
    </p>
   </div>
  </div>
 </body>
</html>
