2392 3854
136 156 200 220 132
263 230 266 237 Ι
499 154 610 210 LIBER
628 153 774 211 SEXTUS.

133 305 313 367 beneficium
340 310 484 385 praestat,
517 303 596 383 quod
624 322 656 364 se
689 303 851 365 arbitratur
877 304 1028 384 accipere,
1060 305 1148 364 sicuti

134 412 214 455 nnnc
227 392 407 454 venerabilis
421 392 574 473 Donidius,
593 392 700 472 dignus
718 395 798 453 inter
812 393 1047 472 spectatissimos
1062 410 1148 472 quos·

135 502 192 563 que
216 484 376 544 numerari.
413 484 499 543 cuius
523 481 662 542 clientem
684 499 853 562 puerosque
873 480 1059 563 commendo,
1081 499 1148 561 pro·

134 573 229 633 sectos
252 590 307 633 seu
328 573 360 631 in
383 573 502 650 patroni
523 572 700 631 necessitate
723 589 777 632 seu
800 573 832 631 in
855 570 977 631 domiui
1018 569 1150 631 laborem

108 662 379 741 speregrinantum
409 679 466 740 qua
492 661 618 739 potestis
646 677 701 739 ope
728 659 911 721 humanitate
933 660 1150 720 intercessione

133 751 286 830 tutamini3
318 768 365 830 ac,
397 751 424 808 si
455 751 487 809 in
519 746 617 828 aliquo
650 749 762 809 amicus
794 750 860 828 ipse
886 765 942 827 per
969 749 1150 828 imperitiam

134 841 354 918 novitatemque
368 836 504 916 publicae
518 839 751 898 conversationis
764 836 914 898 videbitur
926 838 1028 898 minus
1037 837 1150 917 efficax,

134 946 187 988 vos
213 927 270 987 hoc
297 928 397 1005 potius
425 928 562 1006 aspicite,
595 926 666 1004 quid
695 925 827 987 absentis
855 943 958 1009 causa,
986 943 1049 986 non
1079 925 1151 1006 quid

134 1017 301 1095 praesentis
324 1033 451 1094 persona
473 1022 631 1076 mereatur.
668 1033 783 1076 memor
806 1017 903 1075 nostri
924 1032 993 1076 csse
1017 1015 1149 1096 dignare,

95 1122 122 1161 io
134 1105 253 1166 domiue
276 1122 360 1183 papa.

615 1293 671 1360 VI.

207 1416 375 1474 sinemus
392 1414 538 1472 DOMINO
558 1414 676 1471 PAPAE
694 1414 878 1471 EUTROPIO
898 1414 1080 1472 SALUTEM.

206 1530 234 1591 1.
258 1530 418 1608 Postquam
441 1529 632 1607 foedifragam
655 1536 774 1608 gentem
792 1530 908 1591 redisse
925 1530 959 1590 in
977 1530 1065 1591 sedes
1085 1548 1153 1592 suas

138 1621 272 1697 comperi
289 1636 386 1697 neque
406 1621 565 1697 quiequam
578 1618 726 1678 viantibus
740 1618 923 1679 insidiarum
930 1636 1046 1700 parare,
1069 1620 1154 1681 nefas

137 1707 252 1768 credidi
278 1707 404 1767 ulterius
435 1707 600 1767 officiorum
628 1707 748 1767 differre
776 1724 960 1788 sermonem,
989 1725 1027 1768 ne
1054 1715 1154 1770 vester

97 1812 123 1852 1⁵
138 1797 260 1857 affectus
289 1795 437 1874 quandam
463 1797 534 1855 vitio
563 1813 629 1856 meo
660 1796 782 1857 duceret
809 1803 843 1857 ut
871 1795 987 1875 gladius
1009 1797 1153 1877 inpolitus

138 1885 174 1944 de
206 1901 295 1944 curae
318 1884 439 1943 raritate
467 1881 642 1961 robiginem
688 1884 768 1945 unde
797 1887 890 1945 misso
918 1886 952 1946 in
973 1885 1031 1946 hoc
1056 1885 1153 1948 solum

136 1974 249 2051 negotii
272 1971 375 2050 gerulo
398 1970 574 2054 litterarum,
597 1991 685 2051 quam
707 1973 791 2034 vobis
811 1975 850 2034 sit
868 1973 1039 2053 corpusculi
1058 1982 1152 2036 status

136 2065 168 2122 in
192 2060 286 2121 solido
306 2078 430 2140 quamve
449 2079 486 2121 ex
505 2063 596 2121 animi
615 2065 763 2122 sententia
781 2081 831 2123 res
849 2069 983 2144 agantur,
1007 2062 1152 2126 sollicitus

137 2152 267 2231 inquiro,
291 2166 423 2230 sperans,
445 2167 483 2210 ne
507 2149 600 2211 semel
622 2150 696 2210 mihi
719 2169 802 2212 amor
825 2158 923 2211 vester
945 2151 1081 2214 indultus
1104 2159 1153 2214 aut

97 2257 124 2296 ao
138 2241 288 2300 interiecti
311 2240 428 2299 itineris
451 2238 634 2318 longitudine
658 2246 709 2301 aut
732 2239 882 2301 absentiae
900 2243 1070 2302 eommunis
1089 2242 1151 2302 diu-

137 2331 280 2390 turnitate
312 2334 465 2410 tenuetur,
498 2330 567 2408 quia
598 2328 715 2389 bonitas
747 2329 910 2390 conditoris
939 2329 1151 2391 habitationem

137 2421 237 2497 potius
254 2418 409 2478 hominum
433 2435 521 2496 quam
540 2419 692 2478 caritatem
712 2417 850 2479 finalibus
869 2417 980 2479 claudit
998 2420 1149 2498 angustiis.

138 2507 167 2568 2.
192 2514 293 2588 restat,
316 2513 349 2567 ut
371 2512 470 2567 vestra
492 2506 643 2568 beatitudo
667 2509 874 2586 conpunctorii
898 2506 1072 2569 salubritate
1090 2525 1149 2568 ser·

138 2597 235 2655 monis
255 2596 368 2656 avidam
387 2602 507 2656 nostrae
525 2597 708 2674 ignorantiae
727 2603 829 2674 pascat
843 2597 983 2657 esuriem,
1008 2603 1054 2657 est
1073 2598 1148 2656 enim

99 2699 125 2740 aa
139 2683 194 2743 tibi
218 2686 307 2744 nimis
330 2686 408 2765 usui,
430 2691 464 2745 ut
487 2683 741 2745 exhortationibus
763 2687 824 2744 tuis
848 2687 1001 2745 interioris
1023 2685 1148 2745 hominis

139 2774 265 2832 maciem
293 2791 505 2852 saepenumero
533 2774 677 2852 mysticus
705 2772 795 2851 adeps
823 2781 853 2833 et
881 2772 1024 2852 spiritalis
1053 2774 1149 2834 arvina

139 2859 296 2921 distendat.
333 2879 448 2921 memor
470 2864 567 2922 nostri
590 2879 655 2921 esse
679 2861 814 2942 dignare,
837 2862 956 2923 domine
979 2880 1064 2941 papa.

211 3050 229 3099 4
246 3047 417 3104 necessitate
431 3050 465 3117 L,
485 3047 684 3104 necessitatem
704 3048 771 3102 VM
775 3048 826 3104 OT
840 3050 845 3120 Ι
860 3049 890 3104 in
904 3067 954 3105 om.
969 3050 1005 3119 L,
1018 3066 1039 3106 s.
1054 3051 1072 3106 l.
1087 3049 1147 3106 add.

145 3116 221 3172 V¹01
243 3120 252 3186 ΙΙ
276 3122 308 3173 12
329 3136 394 3172 suas
414 3121 494 3175 sedes
515 3119 539 3175 0
558 3122 568 3191 ΙΙ
591 3125 624 3174 14
643 3138 681 3174 au
699 3120 872 3175 officiosum?
896 3122 1089 3192 Iacetjobano;
1105 3120 1150 3176 scd

138 3189 174 3257 cf.
194 3205 233 3257 ep.
254 3189 287 3257 V,
301 3195 376 3258 15,1
396 3190 483 3245 officii
502 3207 629 3246 sermone
648 3192 777 3261 praefato
792 3195 802 3262 l
