2414 3864
136 146 200 210 218
510 146 619 201 LIBER
636 146 769 205 NONUS.

136 314 277 356 errorem.
302 294 330 356 2.
354 315 423 357 nam
446 315 514 357 cum
537 297 611 357 mibi
628 299 710 375 rigor
729 314 872 356 censurae
897 304 967 357 tuae
986 298 1017 357 in
1038 295 1120 357 litteris

136 403 228 463 aeque
258 392 291 445 ut
318 383 394 466 <in>
420 385 555 446 moribus
583 388 622 446 sit
654 384 837 445 ambifariam
866 385 1121 462 contremiscendus

135 474 230 534 fateor
251 481 350 535 tamen
373 477 405 534 in
428 474 586 535 voluminis
609 476 705 554 ipsius
729 476 887 553 operisque
911 482 1045 536 reseratu
1064 473 1123 534 illan

135 563 209 623 mihi
227 563 320 624 luisse
342 563 409 643 plus
434 565 518 623 oneri
546 582 634 643 quam
661 563 856 642 praetenditis
889 565 1050 625 caritatem.
1084 578 1122 624 nec

108 654 209 712 scitra
232 655 344 712 iustum
367 655 424 738 ista
452 655 580 732 conicio,
609 651 846 732 quandoquidem
874 652 1044 713 mortalium
1063 668 1123 712 men·

134 740 215 801 tibus
237 743 282 800 vis
305 741 378 806 baec
400 739 578 812 naturalitus
597 744 685 823 inest,
701 748 744 822 ut,
769 743 794 801 si
818 741 890 819 quid
914 759 1067 820 perperam
1082 740 1123 816 liat

134 828 430 914 minusindulgeant
451 829 518 910 plus
541 833 637 891 amici.
674 829 703 892 3.
728 832 908 908 scripseram
930 829 1049 911 librum,
1068 831 1123 890 sicut

134 920 346 999 pronuntiatiS,
374 917 495 997 plenum
523 927 722 998 onustumque
749 921 830 979 vario
855 937 1015 980 causarum
1036 927 1123 996 tempo·

135 1024 202 1067 rum
224 1024 478 1087 personarumque
507 1016 662 1087 congestu:
689 1008 822 1069 facturus
850 1026 915 1068 rem
945 1007 1064 1069 videbar
1086 1009 1123 1066 in·

16 1127 19 1134 ·
96 1114 122 1153 ιο
135 1095 396 1177 pudentissimam,
434 1099 460 1157 si
494 1104 609 1157 tantum
631 1097 715 1157 mihi
748 1103 854 1157 cuncta
886 1096 1076 1177 placuissent,
1103 1097 1123 1153 ut

134 1184 213 1246 nulla
232 1184 288 1245 tibi
307 1185 491 1264 displicitura
510 1186 703 1267 confiderem3
721 1186 780 1246 huc
794 1188 876 1266 item,
891 1188 1030 1266 quisquis
1045 1181 1123 1246 iudicii

135 1281 258 1335 eventus
281 1274 372 1355 leret,
400 1276 460 1335 vidi
489 1275 624 1354 partibus
656 1277 731 1335 meis
759 1293 948 1354 nequaquam
971 1277 1083 1354 pietatis
1101 1287 1123 1331 οι

135 1363 228 1424 solido
252 1371 387 1424 constare
410 1366 569 1444 rationem,
599 1366 625 1423 si
652 1382 712 1424 non
736 1363 834 1424 saltim
856 1362 1045 1426 vobisesset
1064 1360 1123 1424 ante'·

134 1454 197 1513 rius
221 1451 341 1513 allatum
359 1451 505 1534 volumen,
525 1455 581 1513 etsi
599 1471 659 1513 non
677 1452 828 1514 videretur
847 1450 994 1534 oblatum3
1018 1452 1068 1514 sub
1084 1451 1123 1511 boc

95 1558 121 1597 15
135 1536 249 1602 ¹scilicet
277 1549 524 1622 temperamento,
552 1548 597 1621 ut,
631 1545 656 1603 si
684 1542 759 1602 forte
787 1540 981 1622 placuissem,
1009 1560 1065 1602 nou
1088 1554 1123 1599 ros

134 1633 300 1710 arrogantia
322 1633 511 1711 praeterisse,
535 1633 560 1691 si
584 1649 679 1712 scone,
702 1648 762 1690 non
785 1649 837 1691 vos
860 1629 1037 1710 improbitas
1057 1644 1123 1708 expe·

133 1721 206 1780 tisse
230 1719 421 1780 iudicaretur.
467 1717 497 1779 4.
529 1738 585 1780 nec
613 1738 683 1780 sane
711 1719 805 1780 multo
832 1718 934 1780 labore
962 1739 1011 1780 me
1034 1713 1123 1780 credidi

89 1810 93 1818 '
134 1808 361 1887 deprecaturum
397 1811 502 1869 vitatas
540 1827 644 1870 causas
677 1809 881 1870 erubescendi.
928 1811 1041 1887 pariter
1070 1800 1122 1866 illud

133 1914 221 1956 nosse
253 1915 305 1956 vos
338 1915 490 1978 noveram,
524 1899 602 1976 quod
633 1905 769 1959 auctores
797 1900 829 1957 in
852 1897 996 1976 operibus
1019 1893 1121 1958 ¹edendis

94 2003 120 2042 20
134 1984 230 2064 pudor
243 1986 343 2064 potius
358 2004 446 2064 quam
466 1989 630 2047 constantia
649 1987 735 2047 decet
749 1985 887 2065 quodque
906 1989 1024 2048 tetricis
1037 1987 1121 2065 puncta

135 2073 308 2133 censoribus
336 2075 450 2135 tardius
482 2078 646 2154 procacitas
679 2077 847 2135 recitatoris
875 2093 965 2153 quam
988 2071 1120 2155 trepidatio

134 2161 260 2223 excudit.
285 2162 435 2245 alioquin,
459 2166 485 2224 si
508 2167 575 2243 quis
599 2171 645 2224 est
668 2162 717 2224 ille
742 2165 793 2242 qui
817 2181 886 2224 cum
909 2164 1035 2224 fiduciae
1056 2176 1119 2242 prae-

133 2253 263 2330 rogativa
291 2252 430 2313 thematis
459 2261 526 2313 ante
554 2252 680 2313 inauditi
708 2270 829 2332 operam
851 2251 1020 2334 pervulgat,
1041 2246 1121 2327 incipit

134 2349 256 2420 expecta
256 2343 332 2403 tioni
350 2340 495 2423 publicae,
518 2343 651 2420 quamvis
675 2341 796 2401 solverit
819 2340 893 2401 mult
881 2348 920 2421 ta,
939 2341 1026 2420 plura
1046 2335 1120 2400 redbi·

94 2449 120 2487 aa
134 2429 214 2490 bere
241 2438 336 2534 praet
337 2450 405 2491 erea
430 2430 569 2509 quicquid
603 2449 694 2509 super
725 2430 849 2490 huiusce
877 2433 1018 2509 rescripti
1042 2436 1121 2489 tenore

134 2521 301 2600 censueris,
331 2519 422 2580 malui
444 2519 503 2580 fact
491 2527 555 2580 tum
579 2520 715 2580 confiteri
739 2501 915 2632 simpliciter
939 2538 1027 2598 quam
1047 2513 1120 2577 treba-

134 2609 208 2667 citer
232 2608 307 2669 diltit
263 2609 361 2669 iliteri.
407 2605 436 2670 5
470 2609 594 2668 dixisset
617 2607 706 2668 alius:
739 2603 941 2668 neminemt
928 2606 985 2668 tibi
1011 2596 1121 2687 praetuli,

47 2743 51 2751 .
127 2695 230 2757 nullas
253 2697 289 2756 ad
312 2696 406 2758 ullum
429 2697 596 2801 peculiares
619 2695 732 2757 litteras
752 2694 828 2756 dedi
876 2715 965 2775 quem
984 2694 1121 2788 praelatum

135 2785 337 2866 suspicabare,
370 2788 459 2846 unius
492 2788 569 2865 epist
558 2785 635 2845 tnlae
667 2786 790 2846 lorma'
799 2803 855 2845 con
855 2792 958 2846 tentus
995 2777 1121 2848 abscessi

94 2893 120 2932 eo
134 2880 164 2934 at
165 2893 221 2951 que
246 2894 278 2935 ea
303 2875 423 2954 quidem
447 2874 521 2934 nibil
545 2892 634 2953 super
657 2875 807 2953 praesenti
835 2876 955 2953 negotio
980 2872 1120 2936 deserente·

133 2969 175 3043 tu,
199 2966 302 3040 quite
327 2966 463 3042 quereris
487 2966 678 3043 omissum,t
666 2963 763 3024 tribus
787 2962 1006 3041 loquacissimis
1028 2952 1120 3043 paginis

205 3149 270 3204 bin
289 3153 352 3207 cdd.
371 3153 455 3207 editio
473 3152 581 3219 Bareti,
599 3168 649 3206 om.
668 3152 744 3207 codd
768 3154 777 3220 ΙΙ
800 3150 916 3206 donari
933 3169 971 3208 ou
1000 3169 1029 3220 o,
1050 3150 1121 3204 orrerls

134 3223 209 3277 codd
224 3224 263 3290 116
282 3221 335 3276 hoc
352 3222 573 3291 naturaliterO,
596 3225 647 3276 nat
635 3221 734 3276 turalit
722 3226 765 3277 ter
785 3225 845 3291 (om.
865 3222 947 3289 hoec)
1007 3227 1059 3304 1111
1073 3223 1121 3285 pss·

133 3291 240 3347 tibus
228 3310 260 3347 eu
277 3310 333 3349 ras.
347 3293 404 3364 M1,
423 3293 552 3374 patribus
573 3292 620 3361 Ol
641 3299 673 3347 14
692 3293 811 3347 allatum
830 3311 881 3350 om.
899 3295 923 3350 0
932 3297 942 3364 l
962 3302 995 3349 15
1012 3275 1121 3368 videlicel

135 3364 187 3433 0ss
212 3370 244 3418 16
264 3363 288 3417 si
308 3380 387 3418 secus
406 3365 474 3433 PF,
500 3363 524 3418 si
548 3363 777 3421 nocimentum
800 3364 824 3418 si
849 3382 929 3420 cecus
948 3367 1004 3436 M1,
1027 3365 1073 3418 siae
1090 3349 1121 3407 0*

135 3440 163 3502 (1
188 3437 239 3518 litt,
259 3453 326 3491 eras.
349 3435 425 3503 010
450 3439 459 3505 ΙΙ
486 3442 520 3490 23
540 3452 625 3505 opera
643 3436 821 3506 Ineetjohauu
850 3440 854 3506 Ι
883 3437 1034 3507 provulgat
1051 3425 1095 3488 dd
1113 3417 1120 3486 l

129 3511 165 3562 25
182 3506 283 3581 scripti
262 3507 379 3582 1ιοΡΙΙ
394 3513 428 3563 30
447 3508 605 3564 disserente
624 3507 672 3577 011
