2392 3854
133 149 198 214 152
480 101 795 206 urennsnrmnus

131 306 247 360 certum
270 305 325 378 est,
349 300 420 379 quid
441 298 602 360 barbarum
625 299 790 360 suaderetis
813 300 921 382 ignavi.
963 297 993 363 6.
1018 301 1073 362 sed
1097 321 1152 363 cur

132 387 228 447 dolori
250 388 342 448 nimio
366 390 450 450 frena
468 385 622 449 laxamus?
646 390 717 466 quin
740 390 840 467 potius
864 391 1011 468 ignoscite
1030 389 1152 452 afflictis

131 494 187 537 nec
211 478 353 555 imputate
376 476 587 538 maerentibus.
624 495 751 556 namque
776 476 831 538 alia
854 480 938 556 regio
957 478 1069 540 tradita
1088 497 1151 542 ser-

131 568 237 626 vitium
252 573 361 646 sperat,
383 565 514 627 Arverna
528 565 714 645 supplicium.
752 583 822 626 sane
837 568 864 626 si
877 567 1024 628 medicari
1036 571 1152 630 nostris

105 653 246 715 sultimis
268 672 328 715 non
351 654 469 735 valetis,
502 654 600 716 saltim
627 654 684 714 boc
712 654 821 715 ellicite
848 673 939 734 prece
968 656 1087 739 sedula,
1117 665 1152 720 ut

132 745 253 824 sanguis
276 745 362 824 vivat,
385 761 511 822 quornm
535 750 581 805 est
603 745 746 815 moritura
769 741 905 826 libertas3
928 753 1031 825 parate
1057 745 1152 808 ciruli-

131 831 189 893 bus
212 839 336 912 terram,
364 832 516 911 capiendis
540 831 789 912 redemptionem,
811 833 953 894 viaticum
975 837 1151 914 peregrina·

131 923 217 982 turis.
262 922 289 980 si
310 938 415 981 murus
438 927 541 981 noster
564 923 697 1000 aperitur
719 920 865 1002 hostibus,
887 940 948 982 non
972 925 1014 984 sit
1031 923 1152 986 clausus

131 1017 231 1071 vester
262 1008 439 1088 hospitibus.
489 1027 603 1070 memor
635 1011 731 1070 nostri
762 1027 828 1071 esse
860 1010 998 1094 dignare,
1030 1012 1151 1075 domine

92 1115 216 1179 1opapa.

358 1323 360 1328 .
596 1271 688 1341 VIII,
964 1326 979 1349 ,

192 1393 360 1449 SIDONIUS
377 1393 522 1449 DOMINO
541 1389 659 1448 PAPAE
678 1392 891 1450 EUPHRONIO
911 1395 1094 1454 SALUTEM.

201 1504 229 1568 1.
262 1507 508 1586 Quandoquidem
534 1525 581 1568 mc
611 1506 756 1568 clericalis
784 1507 876 1567 oflicii
902 1508 1021 1570 vincula
1050 1508 1151 1590 ligant,

133 1596 338 1656 felicissimum
365 1596 579 1657 mediocritatis
606 1614 689 1656 meae
717 1603 828 1656 statum
854 1601 1096 1680 pronuntiarem,
1124 1600 1148 1659 si

133 1683 219 1744 nobis
246 1684 427 1745 haberentur
454 1702 543 1763 quam
564 1685 715 1745 territoria
738 1686 834 1745 vicina
856 1692 917 1745 tam
939 1689 1068 1749 moenia.
1112 1687 1147 1748 dc

92 1788 118 1828 15
133 1774 265 1833 minimis
287 1771 426 1832 videlicet
448 1772 538 1833 rebus
562 1791 702 1833 coronam
724 1780 806 1833 tuam
823 1776 1020 1855 maximisque
1041 1794 1145 1837 consu-

132 1860 238 1941 lerem,
266 1861 409 1939 fieretque
432 1862 583 1921 actionum
606 1880 740 1922 mearum
768 1864 853 1941 quasi
876 1865 1044 1944 cuiuspiam
1066 1865 1146 1926 ilurii

132 1948 266 2028 placidus
289 1966 396 2008 cursus
419 1955 508 2028 atque
531 1950 707 2030 inoffensus,
736 1952 762 2010 si
789 1968 805 2011 e
831 1957 958 2012 tractatu
981 1960 1033 2015 tuo
1057 1953 1145 2015 veluti

133 2056 170 2098 ex
193 2035 388 2097 saluberrimo
411 2037 492 2098 fonte
515 2045 655 2098 manaret.
692 2038 797 2118 procul
820 2039 910 2101 dubio
928 2047 1001 2102 tunc
1019 2042 1070 2103 ille
1088 2059 1144 2103 non

133 2133 213 2188 esset
236 2133 286 2187 ant
305 2143 463 2204 spumosus
480 2135 536 2232 per
554 2127 724 2188 iactantiam
742 2135 793 2189 aut
810 2129 948 2190 turbidus
968 2149 1024 2210 per
1044 2149 1143 2212 super·

92 2234 118 2274 ro
132 2215 213 2276 biam
232 2222 282 2276 aut
297 2233 441 2276 caenosus
459 2233 514 2294 per
528 2218 740 2277 conscientiam
754 2224 804 2278 aut
817 2236 960 2297 praeceps
975 2237 1031 2298 per
1045 2223 1143 2281 iuven·

133 2312 236 2366 tutem.
289 2305 361 2384 quin
388 2306 487 2383 potius
515 2306 547 2365 in
577 2304 626 2365 illo
655 2305 823 2384 squalidum
851 2309 877 2366 si
904 2307 976 2387 quid
1005 2326 1040 2369 ac
1063 2315 1145 2388 putre

134 2394 278 2475 sorderet,
296 2399 393 2454 totum
410 2393 442 2453 id
461 2393 590 2455 admixta
605 2394 722 2455 consilii
739 2397 785 2455 tui
798 2413 872 2455 vena
886 2394 1024 2458 dilueret.
1053 2396 1082 2459 2.
1096 2395 1145 2457 sed

134 2486 274 2562 quoniam
305 2482 511 2544 huiuscemodi
538 2485 614 2544 votis
642 2486 736 2562 spatia
764 2490 833 2545 sunt
860 2482 947 2564 longa
974 2487 1145 2566 interposita

133 2573 385 2653 praepedimento,
409 2571 511 2633 sedulo
535 2590 651 2652 precor,
674 2579 707 2633 ut
730 2572 935 2634 consulentem
954 2574 991 2635 de
1011 2573 1146 2655 scrupulo

93 2677 119 2718 as
134 2663 271 2722 incursae
291 2661 491 2740 ambiguitatis
511 2661 649 2740 expedias
669 2668 707 2741 et,
731 2663 800 2739 quia
819 2661 1014 2745 Simplicium,
1037 2669 1146 2743 specta·

133 2749 225 2810 bilem
247 2753 353 2830 virum,
377 2752 549 2828 episcopum
573 2748 631 2809 sibi
653 2748 765 2827 ssagitat
788 2750 916 2829 populus
935 2750 1052 2813 Biturix
1071 2751 1146 2813 ordi·

106 2841 212 2918 nari,
240 2839 312 2918 quid
340 2857 430 2918 super
456 2845 537 2898 tanto
566 2837 690 2898 debeam
712 2841 831 2918 negotio
858 2839 970 2922 iacere,
998 2840 1149 2922 decernas.

134 2925 223 2987 buius
247 2946 280 2987 es
298 2945 427 3007 namque
445 2925 492 2987 rel
511 2945 580 3007 erga
600 2945 646 2987 me
665 2926 845 3004 dignationis
863 2927 910 2988 vel
929 2947 999 3008 erga
1018 2930 1159 3010 reliquos

135 3017 328 3097 auctoritatis,
356 3023 398 3096 ut,
422 3017 448 3076 si
472 3016 542 3094 quid
566 3016 632 3075 fieri
654 3015 735 3076 doles
759 3009 854 3099 (voles
878 3024 986 3099 autem,
1010 3013 1166 3098 quicquic!

93 3121 122 3162 ao
136 3105 350 3182 aequissimum
373 3098 448 3188 est),
474 3122 534 3164 non
563 3104 687 3165 suadere
711 3112 771 3164 tam
795 3105 903 3202 debeas
928 3125 1017 3186 quam
1040 3106 1169 3169 iubere.

210 3297 224 3344 1
245 3291 414 3364 suaderetis]
435 3292 607 3347 adiuvaretis
626 3251 779 3349 Mommscla
791 3289 833 3361 Id
850 3280 1043 3350 maerentibus
1061 3311 1110 3351 ora.
1129 3279 1184 3344 0

138 3367 146 3433 ῑξ
166 3370 198 3418 17
217 3362 347 3433 placidus
362 3363 389 3416 L
408 3370 433 3417 et
450 3368 532 3423 (corr.
551 3366 582 3418 in
600 3363 810 3433 placidissimus
825 3365 924 3434 NON,
963 3364 1178 3421 lucidissimus

127 3436 300 3581 ἕῇἶίὶῗ
320 3450 353 3489 ex
372 3434 438 3488 LN
440 3435 472 3505 T,
492 3451 507 3489 e
525 3435 590 3491 Md
600 3438 609 3506 ΙΙ
623 3442 656 3490 23
676 3435 808 3504 quoniam
823 3437 858 3505 L,
877 3453 932 3505 quo
972 3437 1064 3562 AdOT
1079 3442 1103 3493 el
1118 3435 1177 3489 ὅθ*
