2414 3864
110 157 175 221 350
479 155 632 213 CARMEN
651 155 751 211 xxm.

198 319 250 368 450
270 313 299 367 at
323 309 349 366 si
372 307 450 367 dicat
473 325 544 387 epos
567 313 756 385 metrumque
780 305 934 385 rhythmis

268 395 367 456 flectat
390 399 574 457 commaticis
596 402 717 456 tonante
740 393 865 476 plectro,

268 484 438 545 mordacem
461 485 548 546 iaciat
572 483 660 545 silere
683 482 831 564 Flaccum,

268 574 402 653 quamvis
424 581 493 653 post
515 575 621 635 satiras
644 572 796 652 lyramque
820 572 930 634 tendat

268 662 317 722 ille
341 662 377 722 ad
400 661 590 723 Pindaricum
612 661 710 723 volare
734 655 895 745 cygnum);

197 765 248 814 455
270 770 322 812 seu
345 769 409 832 nos,
432 751 544 832 Magne,
567 758 637 812 tuus
660 751 741 811 lavor
764 749 897 833 tenebat,

267 839 369 901 multis
392 841 526 920 praedite
549 839 669 901 dotibus
692 841 833 920 virorum,

266 929 369 1009 forma,
392 929 554 1010 nobilitate,
577 935 686 1008 mente,
709 945 802 988 censu

267 1012 367 1101 (cuius
391 1020 537 1079 sirarios
560 1036 625 1078 eam
648 1035 702 1096 per
725 1024 819 1097 actus,

268 1113 387 1168 centum
411 1114 441 1167 et
464 1107 561 1168 ferrea
583 1105 675 1167 lasset
697 1123 749 1165 ora
771 1104 868 1187 laude,

195 1210 247 1259 460
266 1202 414 1278 constans,
437 1198 610 1275 ingeniosus
633 1195 805 1275 efficaxque,

200 1336 202 1341 ,
265 1285 397 1364 prudens
420 1285 540 1366 arbiter,
563 1286 693 1364 optimus
715 1285 917 1366 propinquus,

265 1374 307 1434 nil
330 1374 469 1434 fraudans
489 1375 574 1452 'genii
598 1373 655 1434 sibi
678 1372 724 1432 vel
746 1371 800 1432 ulli

264 1480 417 1544 personas,
440 1462 513 1544 loca,
535 1469 654 1542 tempus
676 1455 848 1544 intuendo)3

265 1570 318 1612 seu
341 1569 396 1611 nos
419 1553 494 1612 atria
517 1559 614 1612 restra
637 1550 838 1632 continebant,

193 1655 246 1704 465
265 1639 434 1701 Marcelline
458 1659 551 1721 meus,
574 1641 670 1719 perite
693 1638 791 1718 legum

265 1722 341 1813 (qui,
364 1748 453 1790 verax
476 1732 565 1790 nimis
589 1736 619 1789 et
641 1730 731 1788 nimis
756 1745 890 1810 severusr,

265 1836 352 1897 asper
376 1818 508 1879 crederis
531 1836 598 1878 esse
621 1819 780 1897 nescienti3

264 1913 293 1966 at
316 1909 342 1966 si
364 1914 393 1967 te
417 1906 492 1968 bene
517 1909 665 1986 quispiam
686 1905 830 1986 probavit,

264 1997 368 2076 noscit,
393 1996 471 2074 quod
494 1994 565 2056 velit
588 1997 653 2074 ipse
676 1995 821 2075 iudicare,

192 2098 244 2147 470
264 2102 330 2143 nam
355 2102 515 2163 numquam
538 2086 647 2144 metuis
670 2083 760 2164 loqui,
783 2083 864 2163 quod
890 2103 1033 2167 aequum
1057 2098 1110 2174 est,

264 2175 290 2232 si
312 2180 342 2233 te
367 2173 444 2253 Sylla
466 2180 583 2252 premat
605 2174 745 2252 ferusque
769 2171 889 2255 Carbo,

263 2264 288 2320 si
311 2263 414 2323 tristes
437 2263 523 2323 Marii
545 2270 705 2341 trucesque
729 2261 850 2342 Cinnae,

261 2359 292 2411 et
315 2353 341 2410 si
363 2351 439 2412 forte
462 2360 546 2412 tuum
570 2359 658 2430 caput
680 2350 815 2430 latusque

263 2441 457 2501 circumstent
480 2440 569 2519 gladii
591 2433 819 2521 triumvirales),

190 2542 317 2591 4754471
340 2548 393 2589 nos
416 2528 557 2609 Lirnpidii
579 2528 657 2589 lares
680 2527 835 2610 habebant,

262 2619 334 2677 civis
357 2619 506 2696 magnifici
528 2621 644 2697 virique
668 2620 785 2698 summi,

260 2706 421 2766 fraternam
443 2705 519 2767 bene
543 2705 676 2785 regulam
699 2707 868 2786 sequentis,

262 2813 315 2855 sen
339 2813 394 2855 nos
418 2797 521 2856 eximii
544 2794 633 2856 simul
655 2794 775 2855 tenebat

260 2891 382 2945 nectens
406 2884 577 2944 officiositas
599 2884 714 2964 Marini,

189 2985 241 3035 480
261 2975 346 3033 cuius
371 2972 513 3033 sedulitas
538 2972 735 3051 sodalitasque

260 3069 379 3123 aeterna
402 3061 475 3122 mihi
498 3061 583 3122 laude
608 3068 678 3121 sunt
700 3059 856 3142 colendae3

260 3169 313 3210 seu
336 3168 539 3229 quoscumque
563 3149 636 3210 alios
659 3149 760 3209 videre
784 3149 894 3211 iratres

260 3239 343 3298 cordi
366 3242 485 3318 utrique
509 3239 574 3320 suit,
597 3237 706 3318 quibus
728 3255 849 3298 vacasse

171 3378 223 3427 455
243 3373 353 3428 tenebit
375 3374 400 3427 Τ
419 3377 428 3444 ss
451 3380 503 3429 457
522 3376 616 3428 mente
639 3390 689 3429 om.
706 3373 732 3426 Τ
752 3375 761 3441 l
784 3379 836 3428 464
857 3376 1057 3435 continebunt
1077 3381 1101 3436 Τ
1118 3440 1120 3447 ,

93 3450 148 3502 469
163 3444 232 3518 quid
248 3446 306 3503 ΡΤ
318 3447 330 3517 l
342 3450 394 3502 tlt
407 3447 535 3500 trucesre
547 3445 573 3499 T
584 3450 595 3514 u
607 3449 748 3501 475-477
763 3461 814 3500 orn.
825 3444 864 3498 ΖΡ1
878 3447 888 3515 ΙΙ
903 3453 962 3503 476
977 3451 1120 3507 habebunt

88 3519 130 3577 P
141 3523 154 3595 ll
169 3526 222 3580 482
244 3519 347 3579 videre
366 3536 422 3577 orn.
436 3519 488 3589 Pil
