2392 3854
220 135 385 194 SIDONIUS
404 136 636 194 CONSTANTIO
656 137 725 195 SUO
745 137 924 195 SALUTEM.
1014 137 1079 203 201

529 388 617 455 XVI.

220 509 386 568 SIDONIUS
406 509 637 567 CONSTANTIO
656 510 725 567 SUO
746 510 924 567 SALUTEM.

140 621 165 684 1.
188 623 409 705 Spoponderam
427 623 577 707 Petronio,
595 624 716 686 inlustri
739 627 813 707 viro,
830 643 973 705 praeseus
992 644 1080 706 opus·

89 709 169 773 culum
190 716 293 794 paucis
310 731 359 775 me
379 713 515 794 epistulis
535 714 757 796 expediturum3
776 717 861 776 cuius
880 714 1002 776 auribus
1021 733 1080 776 uon

88 804 202 884 peperci,
229 802 299 864 dum
326 805 386 864 tuis
414 821 512 882 parco.
558 802 649 864 malui
676 821 817 884 namque,
844 811 878 864 ut
904 803 988 864 illum
1016 822 1080 864 cor·

89 892 209 952 rectionis
231 890 322 974 labor,
345 899 375 953 te
397 895 495 953 honor
517 891 656 952 editionis
680 893 827 971 aspiceret
848 895 1078 973 perveniretque
1109 914 1123 956 ⁵

88 975 226 1042 inmanus
248 988 363 1042 vestras
385 981 524 1042 volumen
547 981 627 1042 istud
651 979 747 1041 alieno
770 982 913 1064 periculo,
937 982 1081 1062 obsequio

88 1080 147 1130 neo.
179 1076 299 1149 peracta
321 1072 481 1150 promissio
501 1077 561 1151 est3
584 1088 652 1130 nam
671 1072 779 1149 peritia
797 1078 848 1132 tua
867 1074 893 1132 si
912 1079 1082 1133 coactorum

88 1153 308 1219 inmembranas
331 1161 471 1239 inspiciat
494 1161 577 1238 signa
599 1158 764 1240 titulorum,
788 1162 847 1220 iam
866 1163 1019 1240 copiosum
1042 1167 1082 1240 te,

87 1243 112 1300 oi
128 1245 219 1328 iallor,
247 1247 347 1327 pulsat
374 1248 538 1329 exemplar,
561 1250 620 1308 iam
643 1249 761 1309 venitur
784 1247 820 1308 ad
843 1251 993 1327 margines
1016 1267 1080 1309 um-

88 1325 233 1419 bilicorum,
247 1338 308 1397 iam
321 1343 439 1417 tempus
454 1345 509 1418 est,
522 1344 556 1398 ut
570 1339 708 1398 satiricus
727 1339 777 1418 ait,
790 1335 927 1397 Orestem
945 1344 1081 1398 nostrum
1096 1359 1123 1398 ιο

87 1420 122 1480 vel
141 1442 226 1504 super
248 1432 332 1505 terga
355 1427 443 1488 sinui.
486 1424 515 1486 2.
539 1444 599 1487 non
617 1426 666 1486 hic
686 1444 740 1504 ego
760 1428 995 1487 commenticiam
1010 1427 1082 1486 Ter·

88 1512 226 1584 psichoren
249 1532 332 1575 more
357 1515 449 1576 studii
476 1517 585 1576 veteris
614 1515 725 1575 adscivi
752 1533 808 1576 nec
836 1505 918 1576 iuxta
941 1517 1081 1576 scaturri-

88 1598 168 1672 ginem
194 1603 285 1664 fontis
319 1603 495 1683 Aganippici
524 1622 578 1684 per
608 1603 741 1664 roscidas
771 1605 852 1683 ripas
886 1611 916 1664 et
947 1606 1081 1683 pumices

87 1693 214 1753 muscivos
244 1692 345 1754 stilum
372 1694 457 1753 traxi.
504 1700 591 1772 atque
623 1694 737 1753 utinam
764 1693 813 1752 bic
845 1693 887 1753 nil
915 1693 1017 1775 molle,
1040 1692 1082 1754 nil

87 1771 199 1863 fluidum,
221 1781 265 1843 nil
289 1781 324 1841 de
348 1783 444 1842 triviis
468 1781 676 1862 compitalibus
695 1789 861 1842 mutuatum
883 1781 1081 1862 reperiretur!
1097 1802 1123 1843 15

88 1864 215 1944 Siquidem
241 1878 372 1951 maturo,
401 1878 436 1932 ut
467 1889 500 1931 es
531 1873 609 1952 ipse,
638 1869 743 1931 lectori
770 1889 830 1931 non
852 1878 967 1932 tautum
991 1872 1081 1934 dictio

88 1961 181 2020 exossis
199 1967 303 2021 tenera
321 1958 478 2040 delumbis,
498 1967 641 2038 quantum
659 1960 811 2021 vetuscula
829 1968 930 2022 torosa
948 1969 978 2022 et
997 1964 1082 2041 quasi

87 2047 197 2110 mascula
227 2048 332 2128 placet.
386 2048 439 2108 sed
477 2056 668 2110 reserventur
698 2051 754 2110 ista
790 2050 971 2133 potioribus3
1008 2052 1082 2111 mihi

88 2132 186 2219 sufficit,
208 2139 235 2199 si
258 2139 317 2198 cito
341 2138 488 2218 ignoscas,
512 2137 592 2216 quod
616 2156 718 2199 sumus
741 2139 827 2199 tardi.
874 2136 902 2201 3.
926 2145 1080 2219 praeterea

89 2218 109 2276 δί
131 2227 170 2286 vir
197 2226 334 2288 inlustris
366 2224 477 2305 aliquid
505 2227 629 2305 insuper
651 2226 844 2308 ampliuscule
876 2227 969 2288 scribi
992 2228 1081 2306 depo·
1096 2248 1123 2288 ro

88 2315 222 2398 posuisset,
239 2318 272 2376 in
294 2334 393 2376 moras
413 2314 541 2393 grandes
563 2316 782 2378 incidissemus.
819 2335 888 2377 nam
909 2334 964 2395 per
987 2334 1081 2376 arma-

89 2394 146 2461 riola
161 2411 190 2465 et
206 2403 375 2466 zotheculas
398 2409 517 2464 nostras
539 2422 600 2465 non
618 2412 826 2466 remanserunt
848 2406 936 2483 dIgua
955 2403 1080 2483 prolatu.

89 2487 150 2550 uude
171 2511 325 2573 cognosce,
351 2492 440 2572 quod,
464 2493 521 2552 etsi
542 2499 642 2555 tacere
664 2494 802 2574 necdum,
825 2494 976 2572 coepimus
1001 2500 1080 2553 certe

90 2573 231 2664 tacIturire,
255 2581 368 2660 duplici
386 2598 540 2641 excausa:
562 2589 605 2662 ut,
624 2585 650 2642 si
668 2581 827 2661 placemus,
846 2599 939 2660 pauca
957 2580 1081 2641 lecturis

90 2655 193 2730 'lucitent
209 2670 402 2750 voluptatem3
427 2671 453 2729 si
471 2670 644 2751 refutamur,
662 2688 721 2730 nou
740 2672 870 2729 excitent
888 2668 980 2730 multa
999 2670 1080 2729 lasti·
1095 2689 1121 2729 ss

92 2743 166 2837 dium,
187 2761 295 2838 quippe
319 2760 351 2817 in
373 2758 430 2819 boc
454 2759 536 2840 stilo,
566 2762 615 2821 cui
646 2777 706 2819 non
733 2757 864 2818 urbanus
888 2757 970 2837 lepos
993 2761 1081 2838 inest,

92 2838 132 2899 Stil
145 2861 251 2925 pagana
270 2846 452 2926 simpIIcitas.
489 2844 519 2908 4.
542 2849 621 2909 unde
640 2850 719 2909 enim
738 2847 825 2907 nobis
848 2846 921 2907 illud
940 2847 1081 2926 loquendi

148 3036 178 3087 10
194 3034 228 3090 cf.
247 3036 342 3092 iuven.
363 3037 415 3092 sat.
431 3037 453 3107 Ι,
468 3041 533 3105 bsq.

319 3123 421 3178 summi
437 3124 523 3194 plena
541 3122 599 3176 iam
617 3124 744 3195 margine
762 3122 829 3177 libri

213 3194 333 3266 scriptus
352 3196 382 3250 et
400 3196 429 3248 in
446 3197 527 3265 tergo
546 3212 599 3249 uec
618 3195 684 3249 dum
702 3194 797 3248 finitus
818 3194 939 3254 Orestes.

151 3284 285 3338 orostrae
303 3300 403 3338 manus
419 3284 443 3339 0
461 3287 471 3356 ll
495 3292 510 3341 7
529 3285 656 3357 peracta]
676 3284 797 3338 infracta
812 3286 963 3342 Mommsen
985 3289 995 3357 l
1017 3290 1033 3338 8
1052 3285 1080 3338 in

97 3351 135 3396 ⁰²¹2·
150 3348 193 3422 bt
212 3362 244 3409 14
261 3354 401 3409 muscivos
419 3356 447 3409 L
465 3363 490 3411 et
509 3361 589 3425 (corr.
608 3359 640 3411 lo
658 3354 798 3410 muscidos
817 3357 916 3427 Nplv,
940 3357 1081 3411 muscidos

98 3405 189 3505 ΜΗ
201 3431 234 3480 23
251 3426 372 3481 necdum
390 3427 455 3482 ΕΝ
457 3428 499 3497 Μ,
517 3427 640 3481 nondum
661 3427 731 3496 ΟΤΙ
748 3426 872 3496 cepimus
891 3429 1016 3498 cepImus
1036 3429 1062 3482 T
1073 3429 1082 3500 ll

99 3485 124 3532 ²4
135 3501 187 3555 post
202 3497 346 3552 taciturire
366 3499 415 3568 lep.
434 3498 491 3552 iam
511 3497 727 3554 deliberavaus
746 3500 778 3554 o'vt
797 3499 846 3571 Oti
