2414 3864
261 125 428 182 SIDONIUS
446 125 601 181 DOMITIO
622 124 690 181 SUO
710 126 889 181 SALUTEM.
1041 125 1084 190 33

65 275 186 337 bilibus.
224 294 240 337 a
263 282 347 356 parte
369 274 510 337 vestibuli
532 275 686 354 longitudo
706 281 784 336 tecta
802 277 985 337 intrinsecus
1003 284 1084 356 patet

65 365 175 426 mediis
202 383 263 426 non
291 364 478 444 interpellata
506 364 684 447 parietibus,
712 383 801 446 quae,
828 367 898 444 quia
921 364 996 425 nihil
1019 368 1084 445 ipsa

64 461 246 536 prospectat,
265 456 322 515 etsi
340 473 401 514 uon
419 454 628 535 hypodromus
648 453 746 514 saltim
760 457 997 533 cryptoporticus
1016 474 1083 515 meo

63 544 140 604 mihi
169 545 234 604 iure
264 542 450 603 vocitabitur.
492 543 565 604 haec
592 549 691 603 tamen
719 542 829 622 aliquid
854 545 948 622 spatio
973 562 1027 604 suo
1051 546 1083 604 in

64 635 177 692 extimo
197 631 398 693 deambulacri
416 633 512 711 capite
531 631 692 692 defrudans
712 631 803 692 efficit
821 631 989 693 membrum
1005 632 1082 694 bene
1109 649 1123 690 ι

63 720 218 803 frigidum,
236 721 289 783 ubi
306 719 425 801 publico
444 720 629 782 lectisternio
648 727 783 782 extructo
798 720 1006 782 clientularum
1021 724 1082 782 sive

63 813 218 872 nutricum
247 810 475 889 loquacissimus
503 810 612 871 chorus
644 812 780 889 receptui
807 813 899 890 canit,
931 829 999 871 cum
1028 829 1081 890 ego

63 902 186 979 meique
210 899 418 960 dormitorium
442 898 614 960 cubiculum
635 901 820 979 petierimus,
857 898 905 960 11.
929 918 944 959 a
965 907 1082 979 crypto-

63 991 184 1067 porticu
202 991 234 1049 in
252 987 379 1049 hiemale
397 988 562 1049 triclinium
575 990 702 1069 venitur,
722 988 802 1066 quod
816 987 951 1049 arcuatili
966 992 1081 1050 camino

64 1096 153 1157 saepe
178 1079 256 1157 ignis
280 1080 425 1138 animatus
449 1076 529 1156 pulla
552 1076 674 1156 fuligine
698 1077 809 1137 infecit.
847 1077 899 1138 sed
919 1078 990 1156 quid
1009 1079 1082 1139 haec
1097 1095 1122 1133 10

63 1166 129 1247 tibi,
153 1184 244 1246 quem
266 1185 345 1227 nunc
369 1166 405 1226 ad
428 1167 527 1227 focum
545 1167 668 1226 minime
688 1163 802 1227 inrito?
835 1169 908 1245 quin
926 1169 1026 1246 potius
1045 1168 1081 1228 ad

63 1262 92 1316 te
121 1262 300 1334 tempusque
327 1258 509 1334 pertinentia
536 1255 648 1334 loquar.
695 1273 731 1315 ex
759 1255 815 1315 boc
838 1254 969 1315 triolinio
993 1256 1026 1316 fit
1050 1259 1081 1316 in

64 1344 193 1405 diaetam
217 1347 279 1404 sive
302 1344 538 1406 cenatiunculam
561 1346 713 1425 transduc,
737 1347 786 1404 cui
809 1345 871 1405 iere
894 1350 974 1405 totus
998 1344 1080 1405 lacus

64 1451 201 1513 quaeque
219 1439 281 1494 tota
298 1433 376 1494 lacui
394 1440 483 1512 patet.
511 1437 543 1494 in
561 1434 616 1493 hac
631 1432 790 1493 stibadium
804 1440 835 1493 et
848 1435 947 1494 nitens
962 1431 1080 1515 abacus,

63 1524 94 1582 in
115 1540 244 1601 quorum
262 1541 360 1583 aream
380 1525 441 1583 sive
461 1530 633 1602 suggestum
653 1540 669 1582 a
689 1521 822 1583 subiecta
836 1524 954 1601 porticu
969 1525 1080 1583 sensim
1095 1537 1121 1578 ιι

63 1629 124 1670 non
148 1610 289 1672 breviatis
312 1615 535 1691 angustatisque
559 1610 699 1691 gradibus
724 1611 902 1672 ascenditur.
940 1629 998 1690 quo
1022 1611 1080 1672 loci

63 1699 253 1782 recumbens,
277 1701 303 1760 si
326 1700 397 1779 quid
421 1703 501 1761 inter
524 1700 672 1760 edendum
690 1719 786 1781 vacas,
809 1701 1011 1779 prospiciendi
1029 1720 1079 1761 vo-

62 1787 228 1868 luptatibus
256 1792 419 1869 occuparis.
467 1787 516 1851 12.
545 1791 603 1850 iam
632 1792 658 1849 si
689 1788 744 1849 tibi
772 1808 808 1849 ex
836 1788 886 1849 illo
916 1788 1079 1850 conclama-

61 1880 181 1938 tissimo
218 1878 346 1938 fontium
378 1878 498 1939 decocta
530 1880 690 1959 referatur,
726 1877 840 1938 videbis
872 1881 904 1939 in
936 1877 1079 1940 calicibus

62 1974 188 2047 repente
211 1967 341 2046 perfusis
364 1966 505 2028 nivalium
528 1967 658 2029 maculas
682 1975 711 2028 et
733 1967 828 2028 frusta
850 1967 1026 2029 nebularum
1050 1975 1080 2029 et
1094 1983 1120 2023 ιο

61 2055 146 2116 illam
169 2055 266 2116 lucem
290 2055 435 2117 lubricam
453 2055 628 2136 poculorum
649 2056 880 2136 quadamquasi
898 2057 1078 2136 pinguedine

62 2144 157 2205 subiti
171 2144 280 2224 algoris
294 2144 469 2206 hebetatam.
493 2153 557 2207 tum
573 2145 789 2226 respondentes
803 2145 919 2225 poculis
933 2148 1079 2228 potiones,

61 2252 190 2313 quarum
218 2237 350 2313 rigentes
378 2235 475 2314 cyathi
505 2234 657 2296 siticuloso
686 2236 807 2315 cuique,
834 2253 872 2295 ne
901 2234 997 2295 dicam
1023 2233 1079 2294 tibi

61 2323 217 2402 granditer
240 2321 396 2405 abstemio,
424 2330 638 2385 metuerentur.
683 2323 753 2383 binc
777 2326 836 2384 iam
860 2322 1022 2403 spectabis,
1045 2331 1079 2383 ut

60 2419 236 2491 promoveat
258 2411 358 2472 alnum
381 2414 511 2492 piscator
529 2415 560 2474 in
579 2413 710 2495 pelagus,
733 2419 767 2474 ut
791 2414 910 2473 stataria
934 2415 1008 2472 retia
1028 2429 1077 2471 su·
1092 2428 1117 2468 ιι

61 2500 177 2561 berinis
202 2500 363 2562 corticibus
387 2502 526 2563 extendat
550 2509 600 2563 aut
623 2504 716 2581 signis
738 2520 793 2580 per
821 2508 902 2562 certa
925 2500 1078 2561 intervalla

60 2589 217 2669 dispositis
241 2596 354 2651 tractus
376 2590 492 2651 funium
515 2590 663 2652 librentur
680 2591 800 2672 hamati,
824 2589 938 2651 scilicet
956 2596 989 2650 ut
1007 2608 1077 2650 noc-

59 2681 160 2739 turnis
186 2696 242 2758 per
269 2678 366 2740 lacum
393 2680 569 2742 excursibus
597 2681 782 2759 rapacissimi
810 2677 920 2739 salares
948 2681 979 2739 in
1007 2696 1077 2739 con-

60 2770 242 2846 sanguineas
265 2775 389 2848 agantur
412 2770 549 2830 insidias:
573 2769 644 2848 quid
668 2771 747 2830 enim
769 2768 840 2828 hinc
864 2769 1077 2846 congruentius

58 2856 200 2938 dixerim,
222 2875 291 2917 cum
312 2860 404 2936 piscis
428 2861 508 2938 pisce
533 2855 702 2938 decipitur?
745 2854 795 2919 13.
815 2855 951 2917 edulibus
974 2859 1076 2917 termi-
1091 2873 1117 2913 ao

133 3070 230 3133 apost
249 3063 383 3136 quialeg.
402 3065 552 3134 montell,
572 3063 905 3124 add.sl.actoM²'.T²
924 3081 974 3119 om
989 3065 1080 3120 LNV

56 3136 66 3205 ll
82 3134 154 3204 ithy
155 3134 349 3204 p,odromusT
368 3109 552 3205 hipcdromus
566 3137 632 3192 VM
635 3137 663 3204 0
682 3135 883 3205 hippodromus
897 3135 924 3189 L
936 3139 946 3204 ΙΙ
961 3141 976 3189 6
991 3135 1076 3189 clien-

56 3180 188 3260 telarum
209 3206 272 3278 To,
291 3179 469 3260 eliebtiarum
487 3207 554 3262 LN
559 3208 634 3276 VM
652 3207 698 3262 vel
717 3206 954 3262 clientularuma.
974 3208 991 3261 l.
1012 3207 1075 3261 add.

62 3277 155 3332 V¹¹M
181 3280 191 3348 ΙΙ
220 3283 253 3331 16
271 3295 328 3333 non
347 3278 480 3347 NTC'a
501 3279 517 3334 l
538 3280 604 3335 add.
623 3280 716 3346 ιἰιΜ,
736 3295 786 3333 om.
801 3278 889 3346 LV!
915 3276 1077 3331 ascenditur

56 3348 134 3403 ΝΜ
138 3347 191 3403 OT
206 3355 233 3404 et
252 3353 332 3418 (corr.
351 3367 385 3406 ecc
404 3321 515 3404 scandit
503 3353 549 3405 tur
569 3352 656 3420 T¹)T‚
681 3348 842 3403 escenditur
860 3349 887 3402 L
909 3350 918 3417 ΙΙ
942 3353 975 3401 18
995 3363 1076 3402 occu·

56 3425 171 3626 gqtposa
163 3420 191 3475 L
216 3427 242 3477 ct
266 3425 346 3488 (corr.
370 3424 402 3477 c‘o
420 3422 565 3492 occuparis
585 3423 619 3476 N
623 3422 686 3492 ²)N
695 3423 752 3493 {120
771 3419 963 3489 frustrumlt.
977 3434 1087 3474 ieros.

171 3595 295 3628 mrem
282 3587 317 3630 ed.
332 3590 420 3634 Melit,
929 3589 952 3639 ‘5
