2392 3854
134 145 155 208 2
194 213 196 216 ι
504 142 613 197 urana
631 142 776 212 ramos.

134 290 291 373 torumque
305 294 546 373 praerogativam.
584 289 613 352 3.
638 291 690 352 sed
710 292 824 353 scilicet
842 290 898 352 tibi
917 295 1004 371 parui
1021 300 1149 372 tuaeque

134 374 346 446 examinationi
367 382 421 443 has
443 377 634 462 <littemlas>
661 399 722 441 uon
750 382 948 442 recensendas
977 374 1048 463 (hoc
1072 385 1152 443 enim

133 490 239 552 parum
262 465 322 554 est)
347 471 399 532 sed
427 471 634 551 defaecandas,
661 477 695 530 ut
718 472 815 552 aiunt,
842 469 1047 550 limandasque
1072 490 1152 532 com-

134 564 212 642 misi,
241 563 339 621 sciens
362 567 392 620 te
415 559 597 620 inmodicum
627 577 692 619 esse
721 560 867 621 fautorem
894 577 955 620 non
983 560 1153 621 studiorum

108 651 222 711 amodo
246 667 349 710 verum
373 650 462 709 etiam
485 648 695 709 studiosorum.
742 666 830 727 quam
854 647 891 708 oh
914 666 979 709 rem
997 667 1053 710 uos
1072 668 1153 710 nunc

133 757 278 819 perquam
300 734 533 798 haesitabundos
555 739 586 797 iu
604 737 660 797 hoc
679 737 820 816 deinceps
839 738 934 798 famae
952 736 1077 817 pelagus
1096 740 1152 798 im-

134 827 228 907 pellis.
274 825 304 888 4.
328 845 417 906 porro
445 833 544 888 autem
572 844 662 904 super
689 826 861 887 huiusmodi
889 826 1032 905 opusculo
1056 829 1153 889 tutius

135 919 386 996 conticueramus,
419 917 550 976 conteuti
583 932 722 975 versuum
755 914 872 976 felicius
905 933 994 994 quam
1023 918 1153 995 peritius

135 1005 283 1066 editorum
313 1006 466 1085 opinione,
498 1004 534 1064 de
568 1022 625 1082 qua
656 1003 731 1063 mihi
762 1006 821 1064 iam
852 1003 969 1082 pridem
999 1007 1032 1065 in
1062 1013 1153 1084 portu

95 1115 121 1154 ro
135 1095 239 1155 iudicii
261 1093 374 1173 publici
396 1100 464 1172 post
486 1092 644 1153 lividorum
667 1092 826 1153 latratuum
845 1091 957 1172 Scyllas
981 1097 1153 1173 enavigatas

135 1183 311 1244 sufficientis
340 1182 449 1261 gloriae
478 1200 585 1242 ancora
613 1180 704 1242 sedet.
752 1182 804 1242 sed
833 1184 860 1242 si
883 1189 913 1242 et
935 1182 1019 1243 hisce
1042 1182 1153 1243 delira·

134 1275 244 1333 mentis
275 1272 436 1351 genuinum
465 1269 608 1331 molarem
640 1270 750 1331 invidia
781 1289 841 1331 non
871 1270 983 1352 fixerit,
1017 1279 1153 1333 actutum

134 1362 190 1422 tihi
209 1360 328 1422 anobis
346 1359 495 1420 volumina
513 1361 719 1420 numerosiora
737 1360 921 1439 percopiosis
941 1364 1153 1422 scaturrientia

137 1448 436 1511 sermocinationibus
460 1447 742 1528 multiplicabuntur.
788 1448 860 1509 vale.

619 1674 660 1739 Π.

64 1775 66 1777 ’
96 1806 121 1846 15
305 1794 473 1850 smomos
491 1794 699 1882 reametur,
719 1796 787 1852 eoo
808 1795 985 1850 sanorum.

203 1922 230 1986 1.
255 1925 473 2005 Saepenumero
496 1925 692 2006 postulavisti,
716 1935 758 2008 ut,
782 1929 851 2006 qula
870 1926 1051 1988 Theudorici
1069 1930 1151 2007 regis

135 2013 298 2075 Gothorum
321 2014 507 2075 commendat
529 2013 646 2093 populis
666 2015 742 2075 fama
761 2015 942 2096 civilitatem,
965 2015 1076 2076 litteris
1096 2015 1152 2077 tibi

135 2104 246 2164 formae
270 2120 340 2163 suae
363 2106 521 2185 quantitaS,
544 2106 620 2164 vitae
644 2104 770 2182 qualitas
790 2106 1015 2184 significaretur.
1058 2123 1149 2184 pareo

134 2192 240 2273 libens,
264 2195 295 2252 in
319 2199 460 2270 quantum
486 2192 656 2272 epistularis
678 2196 785 2273 pagina
810 2195 889 2275 sinit,
916 2193 1041 2254 laudans
1065 2197 1150 2255 inte

95 2305 121 2343 ro
134 2290 195 2343 tam
219 2281 360 2342 delicatae
384 2280 593 2342 sollicitudinis
611 2283 833 2361 ingenuitatem.
880 2284 972 2361 igitur
990 2285 1036 2343 vir
1055 2289 1151 2344 estet

134 2371 194 2431 illis
219 2371 325 2450 dignus
349 2374 477 2452 agnosci,
501 2372 552 2449 qui
572 2389 639 2432 eum
658 2374 757 2432 minus
776 2371 961 2432 familiariter
979 2373 1149 2432 intuentur:

134 2462 175 2520 ita
198 2477 356 2539 personam
380 2478 462 2520 suam
486 2459 559 2520 deus
584 2460 696 2520 arbiter
720 2468 749 2521 et
766 2463 843 2521 ratio
868 2466 990 2520 naturae
1010 2477 1149 2521 consum-

135 2557 230 2608 matae
255 2548 403 2610 felicitatis
426 2548 494 2609 dote
523 2551 633 2614 sociata
661 2548 898 2629 cumulaverunt,
927 2566 1027 2609 mores
1051 2557 1151 2611 autem

135 2637 354 2718 huiuscemodi,
385 2645 418 2698 ut
445 2637 581 2699 laudibus
610 2656 712 2698 eorum
742 2637 816 2698 nihil
844 2657 881 2698 ne
912 2640 997 2716 regni
1029 2638 1151 2717 quidem

96 2749 122 2788 ee
137 2726 274 2787 defrudet
296 2726 414 2787 invidia.
460 2725 489 2788 2.
514 2729 541 2787 si
563 2728 656 2787 forma
684 2733 856 2806 quaeratur:
885 2745 1009 2805 corpore
1038 2736 1151 2808 exacto,

135 2814 316 2893 longissimis
339 2815 472 2897 brevior,
502 2818 656 2895 procerior
679 2817 916 2894 eminentiorque
939 2815 1150 2877 mediocribus

136 2905 241 2982 capitis
265 2923 338 2983 apex
362 2904 517 2985 rotundus,
545 2907 577 2964 iu
601 2922 659 2983 quo
681 2904 834 2984 paululum
858 2924 874 2965 a
896 2905 1019 2984 planitie
1043 2905 1151 2965 frontis

136 2995 166 3051 in
185 2994 327 3053 verticem
351 2995 497 3066 caesaries
520 2993 623 3071 refuga
642 2996 797 3073 crispatur.
840 2997 939 3054 cervix
963 3011 1024 3054 non
1044 2989 1152 3072 <sedet

208 3216 292 3270 nlitt
293 3216 385 3270 erulas
414 3219 479 3273 odd
499 3218 572 3272 Dect
569 3218 695 3286 joboun;
722 3235 773 3273 om.
798 3217 967 3285 LNMTO,
994 3219 1041 3272 sed
1068 3219 1101 3272 ive
1125 3217 1153 3272 L

135 3293 258 3359 spatio
277 3290 329 3343 litt.
347 3295 427 3343 occat
440 3293 448 3359 ΙΙ
463 3295 479 3342 3
497 3305 598 3358 perum
620 3289 650 3356 Τ,
669 3305 788 3358 parvum
807 3288 938 3344 LMON
948 3291 957 3358 ΙΙ
973 3294 1005 3341 11
1025 3291 1055 3342 et
1072 3290 1153 3345 molit

136 3362 180 3415 del
180 3378 222 3416 ere
237 3359 415 3428 Doetjobavtn
428 3364 436 3430 ΙΙ
452 3365 485 3415 16
502 3359 658 3414 theodorici
675 3360 702 3430 0,
722 3361 879 3416 theoderici
894 3360 932 3413 M
942 3364 951 3430 Ι]
966 3365 1000 3413 24
1019 3359 1153 3415 huiusce-

136 3431 214 3486 modi
242 3429 383 3498 NMOT,
411 3430 605 3485 huiuscemodi
634 3433 700 3485 sunt
722 3433 749 3486 L
770 3436 779 3503 ΙΙ
803 3437 837 3486 25
862 3431 1009 3486 defraudet
1032 3431 1154 3514 Mrou

123 3507 163 3553 8
178 3519 240 3555 non
260 3501 346 3557 sedet
361 3473 447 3558 dodis
467 3503 516 3556 sed
535 3501 629 3556 nervis
647 3520 695 3574 eqo
713 3505 781 3574 (non
799 3501 868 3557 toris
887 3504 979 3557 tumet
993 3503 1044 3557 sed
1057 3503 1153 3558 nervis
