2392 3854
135 154 198 218 164
479 118 790 208 nmnn'snvrnms.

133 309 183 363 aut
215 303 400 381 suspiciosus
431 302 608 382 nequitiam,
645 308 696 362 aut
730 303 846 380 peritus
884 300 1061 362 calumniam
1096 306 1140 360 aut

133 394 289 470 imperitus
321 390 480 450 infamiam.
513 390 732 468 simplicitatem
769 389 923 451 columbae
954 392 987 450 in
1021 388 1141 450 ecclesia

134 486 244 561 servat,
276 482 307 539 in
330 479 394 539 toro
419 481 567 558 serpentis
591 482 742 559 astutiam3
773 478 861 540 bonis
883 478 1030 559 prudenS,
1061 477 1140 538 malis

134 576 248 649 cautus,
274 569 389 628 neutris
420 568 542 628 callidus
573 568 728 629 iudicatur.
775 563 1140 646 squammarum

104 665 163 720 ste
185 656 272 718 nobis
296 656 345 717 ille
369 658 428 716 iam
451 656 594 738 reddidit;
617 664 709 718 totam
728 663 810 717 tuam
828 658 1057 735 temperantiam
1079 654 1141 716 reli-

132 750 258 827 gionem,
281 744 449 805 libertatem
481 746 690 806 verecundiam
714 752 744 806 et
766 745 847 806 illam
872 744 1015 806 delicatae
1038 746 1141 805 mentis

132 836 355 916 pudicissimam
373 834 605 895 teneritudinem
623 835 751 896 iucunda
770 833 965 895 similitudine
981 835 1140 912 exscripsit.

133 930 312 1003 quapropter
336 930 479 1002 quantum
502 923 631 984 volueris
655 924 795 1002 deinceps
818 923 879 984 frui
901 929 1028 1003 secreto,
1051 921 1140 984 indul·

133 1031 203 1091 gere
219 1013 361 1091 secessui,
379 1012 481 1073 licebit
495 1011 662 1094 indulgeas3
681 1011 922 1092 quandoquidem
936 1030 992 1073 nos
1006 1014 1039 1072 in
1057 1012 1141 1072 fratre

95 1124 120 1163 ιο
135 1120 201 1161 meo
224 1100 357 1161 Himerio
381 1120 467 1163 avum
489 1103 623 1182 nomine,
645 1109 760 1181 patrem
783 1102 871 1181 facie,
893 1107 1056 1180 utrumque
1078 1118 1141 1180 pru·

137 1191 238 1250 dentia
261 1192 319 1250 iam
342 1196 486 1252 tenemus.
518 1189 590 1250 vale.

597 1415 685 1480 XIV.

307 1537 473 1593 SIDONIUS
492 1536 689 1592 PHILAGRIO
709 1535 777 1591 SUO
797 1535 977 1595 SALUTEM.

205 1650 233 1713 1.
269 1651 406 1711 Proxime
435 1653 515 1712 inter
544 1658 705 1711 summates
734 1652 814 1711 viros
845 1644 925 1734 (erat
952 1659 983 1713 et
1009 1652 1144 1732 frequens

137 1734 223 1823 ordo)
247 1741 340 1799 vestri
362 1742 473 1800 mentio
496 1740 561 1800 luit.
604 1758 707 1800 omnes
731 1739 767 1800 de
790 1747 820 1800 te
842 1739 915 1800 boni
937 1743 969 1802 in
993 1758 1143 1802 commune

95 1851 121 1892 15
136 1835 297 1889 senserunt
329 1829 427 1888 omnia
462 1828 553 1908 bona,
584 1846 653 1889 cum
683 1836 781 1889 tamen
804 1827 914 1907 singuli
938 1831 1049 1909 quique
1071 1833 1145 1891 varia

134 1920 278 1977 virtutum
297 1934 405 1995 genera
425 1916 577 1977 dixissent.
597 1935 667 1978 sane
691 1935 758 1978 cum
778 1916 837 1978 sibi
858 1919 992 1998 quipiam
1010 1918 1048 1980 de
1066 1937 1144 1999 prae-

136 2007 230 2066 sentia
253 2013 312 2086 tua,
336 2007 420 2082 quasi
443 2012 473 2066 te
492 2007 586 2083 magis
609 2012 740 2087 nossent,
759 2012 878 2086 praeter
897 2009 1027 2086 aeqvium
1045 2008 1145 2087 gloria-

135 2101 239 2156 rentur
246 2141 255 2175 ,
295 2094 450 2175 incandui,
487 2096 596 2173 quippe
634 2114 702 2156 cum
739 2094 799 2155 dici
838 2113 899 2156 non
936 2099 1146 2175 aequanimiter

136 2184 323 2245 admitterem
347 2186 442 2244 virum
466 2185 598 2244 omnium
621 2183 788 2244 litterarum
810 2184 1011 2245 vicinantibus
1030 2187 1145 2247 rusticis

94 2297 121 2337 20
135 2293 223 2353 quam
246 2274 391 2333 institutis
415 2273 480 2333 lieri
503 2273 713 2334 remotioribus
736 2274 891 2333 notiorem.
937 2271 968 2334 2.
1005 2276 1147 2353 processit

135 2366 166 2423 in
198 2362 340 2424 ulteriora
372 2363 536 2444 contenti03
568 2367 598 2421 et
630 2379 698 2421 cum
727 2360 818 2440 aliqui
849 2379 939 2440 snper
968 2362 1146 2425 hocerrore

134 2455 330 2532 pervicaciter
367 2457 661 2512 controversarentur
694 2443 873 2532 (idiotarum
911 2451 1062 2530 siquidem
1097 2459 1147 2531 est,

136 2544 213 2601 sicut
236 2540 321 2601 facile
354 2542 502 2622 convinci,
539 2543 580 2600 ita
612 2538 731 2599 difficile
765 2533 943 2623 compesci),
980 2549 1148 2603 constanter

136 2632 264 2711 asserui,
293 2632 319 2690 si
342 2629 549 2710 eloquentibus
573 2629 676 2689 amicis
700 2646 862 2707 numquam
885 2631 997 2707 agnitio
1021 2639 1148 2692 contem-

94 2740 121 2780 25
136 2719 243 2796 plativa
286 2721 453 2801 proveniat,
490 2736 556 2778 esse
601 2735 753 2799 asperum,
799 2723 959 2797 utcumque
997 2717 1147 2780 tolerabile

135 2814 248 2888 tamen,
272 2809 340 2887 quia
359 2807 545 2886 praevaleant
568 2808 687 2885 ingenia
711 2825 776 2887 sua,
800 2824 900 2866 coram
924 2806 1035 2885 quibus
1059 2810 1147 2888 impe·

136 2896 204 2954 ritia
228 2898 320 2956 civica
342 2899 562 2976 peregrinatur,
595 2894 631 2955 ad
654 2903 834 2956 remotarum
858 2894 1007 2956 desideria
1031 2899 1146 2976 provin·

136 2984 249 3043 ciarum
287 2984 354 3044 stilo
391 2983 619 3047 adminiculante
642 2986 809 3065 porrigere3
846 3002 900 3063 per
929 3003 1019 3063 quem
1050 3004 1146 3066 saepe·

136 3090 260 3132 numero
289 3071 445 3135 absentum
472 3074 623 3133 dumtaxat
651 3075 855 3134 institutorum
878 3080 979 3135 tantus
1002 3075 1148 3154 colligitur·

95 3185 123 3225 co
137 3162 272 3242 affectus,
310 3171 436 3241 quantus
469 3181 524 3223 nec
555 3169 767 3240 praesentanea
798 3161 954 3222 sedulitate
986 3165 1146 3225 conficitur.

137 3253 236 3331 igitur,
260 3252 286 3309 si
310 3252 350 3309 ita
374 3260 427 3333 est,
446 3252 590 3312 desistant
610 3250 785 3312 calumniari
808 3253 975 3313 communis
999 3252 1146 3313 absentiae

210 3447 225 3497 ἵ
245 3437 393 3509 exscripsit
411 3441 457 3508 M,
481 3439 528 3494 vel
547 3440 685 3510 expressit
702 3458 723 3497 s.
743 3441 760 3496 l.
780 3441 844 3496 add.
865 3439 913 3495 Μ1
939 3443 949 3510 ΙΙ
978 3446 1011 3495 10
1029 3439 1147 3511 patrem]

123 3516 262 3583 patruum
286 3512 330 3587 Off
346 3517 378 3567 12
398 3510 510 3584 filaguio
532 3511 681 3583 Lmovq
