2414 3864
94 157 161 224 294
486 155 639 212 CARMEN
656 156 715 213 VII.

182 307 329 368 detulerat
351 308 423 386 vim,
445 313 525 386 vota,
548 324 662 384 preces.
707 305 804 386 locus,
827 305 902 366 bora
925 303 1044 386 diesque

182 398 291 457 dicitur
313 398 438 474 imperio
463 394 546 475 felix,
570 413 604 454 ac
627 396 764 473 protinus
787 395 848 455 illic

112 499 162 549 575
182 486 326 546 nobilium
350 484 488 545 excubias
512 484 643 562 gaudens
667 483 798 544 sollertia
820 483 950 545 mandat.

227 575 327 635 Tertia
349 573 400 634 lux
424 574 537 651 refugis
559 572 728 652 Hyperiona
752 573 870 633 fuderat
894 575 997 633 astris:

183 672 365 724 concurrunt
387 680 541 743 procereS‚
565 680 598 722 ac
622 661 715 721 milite
739 663 921 723 circumfuso

184 771 290 830 aggere
314 753 478 830 composito
502 758 635 811 statuunt
660 769 693 810 ac
716 758 823 829 torque
849 758 995 811 coronant
1064 811 1067 813 x

182 843 328 901 castrensi
351 847 496 900 maestum
519 839 689 919 donantque
713 841 841 917 insignia
865 842 970 920 regni3

111 941 162 991 580
181 948 250 989 nam
272 931 356 1008 prins
380 929 518 989 induerat
542 927 619 988 solas
643 929 679 989 de
703 929 839 1007 principe
863 947 962 988 curas.
1029 968 1033 976 ,

181 1019 259 1078 baud
283 1017 340 1077 alio
364 1018 512 1096 quondam
534 1018 617 1077 vultu
641 1016 815 1096 Tirynthius
840 1016 931 1077 heros

181 1107 311 1186 pondera
336 1109 467 1186 suscepit
490 1105 565 1167 caeli
588 1106 677 1166 simul
700 1114 788 1184 atque
811 1123 973 1187 novercae,

182 1215 250 1256 cum
273 1195 380 1274 Libyca
405 1214 436 1255 se
461 1214 534 1274 rupe
558 1194 647 1273 Gigas
671 1195 851 1255 subduceret
875 1201 906 1255 31
930 1214 999 1256 cum

181 1287 273 1345 tutior
295 1284 441 1344 Herculeo
466 1284 593 1344 sedisset
616 1283 750 1344 machina
774 1282 872 1343 dorso.

112 1385 162 1435 585
225 1373 311 1433 Ηο33
333 1373 403 1453 tibi,
427 1372 532 1452 Roma,
556 1373 638 1454 dedi,
661 1372 769 1452 patulis
788 1372 861 1437 dum
880 1371 976 1434 Gallia
999 1374 1094 1450 campis

182 1464 296 1522 intonat
318 1461 482 1540 Augustum
505 1462 611 1541 plausu
634 1462 822 1540 faustumque
840 1461 997 1540 fragorem

181 1557 279 1629 portat
301 1553 332 1611 in
356 1569 536 1629 exsanguem
559 1549 669 1611 Boreas
692 1552 751 1610 iam
774 1550 881 1610 fortior
903 1551 1054 1611 Austrum.

180 1641 229 1700 hic
254 1638 308 1699 tibi
331 1641 469 1700 restituet
491 1639 604 1718 Libyen
626 1658 680 1718 per
702 1638 820 1699 vincula
844 1646 964 1720 quarta,

184 1735 213 1788 et
237 1730 321 1788 cuius
345 1727 441 1789 solnm
464 1730 588 1789 amissas
611 1734 679 1807 post
702 1727 820 1789 saecula
843 1727 937 1788 multa

114 1830 165 1878 590
185 1817 350 1877 Pannonias
374 1819 521 1877 revocavit
544 1819 615 1898 iter,
638 1819 697 1877 iam
720 1816 843 1877 credere
862 1824 1033 1896 promptum
1049 1834 1094 1876 33.Ι

181 1905 251 1984 qnid
276 1906 363 1966 faciat
385 1905 480 1966 bellis.
527 1924 544 1965 o
568 1925 641 1985 quas
664 1906 719 1966 tibi
743 1924 831 1985 saepe
855 1906 972 1984 iugabit

181 1995 303 2054 inflictis
328 2003 430 2073 gentes
454 1995 574 2076 aquilis,
598 1997 650 2074 qui
673 1997 800 2054 maxima
823 1996 909 2074 regni

181 2085 279 2144 omina
302 2086 433 2162 privatus
457 2085 544 2164 fugit,
568 2102 636 2144 cum
659 2084 735 2144 forte
759 2085 851 2143 vianti

181 2180 332 2234 excuteret
354 2192 480 2252 praepes
503 2172 654 2252 plebeium
677 2179 775 2232 motus
799 2170 954 2232 amictum!

110 2275 161 2324 595
181 2262 286 2322 laetior
309 2269 338 2322 at
360 2269 442 2322 tanto
466 2262 553 2321 modo
576 2263 724 2341 principe,
748 2262 846 2340 prisca
870 2260 994 2321 deornm

179 2351 271 2412 Roma
293 2370 414 2431 parens,
438 2350 536 2411 attolle
559 2369 650 2430 genas
674 2369 707 2410 33
730 2357 818 2428 turpe
840 2357 996 2410 veternum

180 2441 307 2519 depone:
332 2458 369 2501 en
392 2441 531 2519 princeps
555 2440 643 2499 faciet
665 2441 856 2500 iuvenescere
881 2440 987 2518 maior,

181 2547 268 2608 qnam
292 2530 377 2608 pueri
401 2529 498 2589 fecere
522 2525 644 2588 senem'.
691 2529 780 2587 linem
803 2534 889 2606 pater
913 2545 964 2587 ore

180 2620 228 2677 vix
251 2618 384 2678 dederat:
408 2617 544 2696 plausere
568 2617 616 2676 dei
639 2617 833 2694 fremitusque
858 2618 991 2677 cucurrit

110 2720 161 2770 500
181 2707 316 2767 concilio.
363 2705 433 2766 felix
456 2714 574 2786 tempus
596 2724 705 2766 nevere
730 2723 849 2766 sorores

179 2798 327 2876 imperiis,
350 2796 494 2876 Auguste,
513 2797 572 2856 tuis
596 2802 627 2856 et
649 2793 780 2854 consulis
804 2812 882 2854 anno

180 2885 257 2946 fulva
280 2884 458 2946 volubilibus
481 2885 630 2945 duxerunt
653 2883 769 2944 saecula
791 2885 907 2961 pensis.

93 3074 143 3146 M]
161 3073 266 3127 thierni
282 3074 340 3144 GT,
359 3072 444 3128 lierni
461 3074 501 3142 Ἐς
521 3072 626 3143 Ugerni
640 3072 777 3128 Sirmoud.
792 3074 801 3141 1
816 3074 868 3125 580
886 3087 952 3125 nam
970 3086 1026 3142 eqo;
1040 3064 1081 3118 itm

92 3147 169 3202 codd.
184 3148 259 3215 1583
278 3145 380 3216 gigans
393 3145 416 3201 0
420 3145 450 3200 F
464 3151 468 3205 1
485 3147 514 3199 31
528 3145 603 3216 cum]
618 3161 657 3198 au
670 3146 700 3198 et
712 3142 788 3196 iam?
801 3144 811 3212 1
825 3147 877 3197 588
892 3142 999 3212 Libyen
1010 3139 1083 3208 culpo·

94 3216 192 3271 libiem
207 3217 245 3270 M
247 3215 305 3272 OT.
323 3215 429 3272 lvbiem
445 3216 475 3271 F
487 3219 496 3286 11
511 3220 561 3270 589
580 3214 683 3286 multo]
702 3214 786 3269 tanta
799 3213 838 3267 M
839 3220 854 3249 ⁸
867 3217 876 3284 1
891 3220 942 3268 592
962 3212 1019 3284 qui]
1032 3220 1084 3278 quat

97 3289 135 3344 M
143 3291 153 3352 1
168 3294 188 3320 '¹
360 3285 558 3359 Ἱ1011113111
575 3287 726 3342 Mommsen
738 3289 747 3356 1
761 3290 812 3340 597
833 3286 862 3339 31
880 3286 917 3340 Μ
927 3288 938 3353 1
