2414 3864
133 131 199 198 194
401 169 414 199 0
487 131 597 186 LIBER
616 129 790 187 OCTAVUS.

133 281 253 361 quidem
285 287 366 341 terra
397 280 466 341 taho
493 281 656 342 madefacta
685 281 826 362 deciduo,
849 283 919 360 quia
942 284 1011 363 post
1032 284 1131 344 facinus

132 373 191 451 ipsi
214 369 344 431 latrones
367 370 403 430 ad
426 372 630 450 pavimentum
654 388 796 431 conversa
819 369 953 432 defuncti
972 390 1024 433 ora
1040 388 1131 452 prona·

132 465 244 541 verant,
258 466 409 538 tamquam
423 461 578 539 sanguinis
593 477 662 520 eum
681 466 910 538 superaestuans
928 459 1029 523 fluxus
1048 463 1130 525 exino-

132 551 235 610 nisset.
281 547 333 608 sed
370 550 506 628 protinus
543 555 628 627 capto
666 551 718 628 qui
753 548 851 611 fuerat
881 550 979 628 ipsius
1011 550 1131 613 factionis

106 655 119 696 s
133 638 227 699 lomes
237 639 373 698 incentor
383 639 595 716 antesignanus
610 638 778 716 ceterisque
788 637 985 717 complicibus
996 638 1131 719 oppressis

134 744 328 805 seorsumque
361 725 505 787 discussis
539 728 675 786 criminis
711 727 867 786 veritatem
904 727 941 787 de
975 727 1131 807 pectoribus

133 817 234 876 invitis
267 821 484 876 tormentorum
516 823 615 875 terror
647 817 782 876 extraxit.
830 811 880 876 13.
913 822 1002 902 atque
1034 818 1132 885 utinam

132 905 212 965 hunc
239 904 345 984 finem,
377 903 448 966 dum
475 903 642 964 inconsulte
670 904 765 964 fidens
793 922 867 964 vana
895 905 1057 987 consultat,
1086 920 1132 965 non

132 993 294 1053 meruisset
312 990 463 1072 excipere!
500 1010 569 1052 nam
592 994 719 1072 quisque
737 996 973 1073 praesumpserit
991 994 1132 1057 interdicta

29 1097 31 1103 ’
93 1102 120 1143 1o
134 1087 249 1142 secreta
272 1082 362 1141 vetita
384 1083 501 1161 rimari,
529 1099 634 1142 vereor
656 1081 828 1143 huiusmodi
851 1100 868 1143 a
891 1082 1055 1144 catholicae
1077 1081 1131 1143 fidei

123 1168 245 1249 ‚regulis
273 1169 507 1231 exorbitaturum
539 1177 569 1230 et
598 1171 678 1232 effici
708 1169 843 1250 dignum,
875 1173 907 1231 in
930 1179 1042 1234 statum
1064 1173 1133 1234 cuius

133 1258 369 1345 respondeantur
392 1259 527 1340 adversa,
555 1258 626 1319 dum
653 1261 848 1338 requiruntur
879 1259 1004 1323 inlicita.
1049 1266 1134 1323 secuta

135 1349 255 1428 quidem
274 1355 320 1408 est
338 1347 412 1409 ultio
431 1350 605 1429 extinctum,
624 1348 676 1409 scd
690 1350 784 1427 magis
798 1355 925 1428 prosunt
944 1351 1002 1411 ista
1016 1350 1135 1412 victuris.

134 1455 202 1497 nam
233 1439 370 1517 quotiens
402 1436 550 1498 homicida
580 1439 716 1519 punitur,
747 1456 809 1498 non
836 1445 883 1499 est
905 1439 1073 1500 remedium
1094 1435 1133 1498 sod

94 1547 119 1589 15
134 1525 277 1587 solacium
299 1526 451 1587 vindicari.
490 1523 540 1587 14.
563 1524 749 1606 longiuscule
767 1544 815 1586 me
832 1527 976 1606 progredi
994 1546 1077 1590 amor
1093 1529 1134 1587 im·

83 1607 90 1621 '
133 1614 217 1696 pulit,
241 1616 325 1686 cuius
348 1633 489 1694 angorem
513 1614 631 1676 silentio
655 1613 792 1677 exhalare
814 1633 875 1676 non
897 1615 985 1678 valui
1020 1624 1055 1684 tu
1071 1619 1133 1678 inte·

133 1707 200 1786 rim,
223 1704 344 1783 siquid
367 1706 435 1764 istic
459 1706 580 1783 cognitu
602 1704 734 1786 dignum,
753 1706 830 1765 citus
853 1705 962 1786 indica,
986 1705 1085 1767 saltim
1104 1702 1131 1763 oh

132 1793 189 1853 hoc
212 1792 357 1874 scribens,
379 1800 413 1854 ut
435 1794 567 1853 animum
589 1811 688 1854 meum
711 1793 894 1855 tristitudine
919 1812 1041 1874 gravem
1059 1794 1132 1856 lectio

132 1881 218 1941 levet.
262 1899 390 1960 namque
418 1882 540 1943 contuso
568 1884 683 1962 pectori
709 1900 840 1964 maeror,
867 1890 898 1944 et
926 1884 1050 1964 quidem
1071 1887 1134 1960 iure,

92 1994 119 2033 ao
132 1968 278 2050 plurimus
302 1977 374 2050 erat,
397 1989 465 2030 cum
487 1973 603 2050 paginis
626 1973 684 2032 ista
702 1968 919 2034 committerem
939 1972 1012 2035 sola
1049 1987 1132 2053 nequo

134 2060 214 2119 enim
237 2059 308 2118 satis
331 2058 404 2140 mihi
423 2058 502 2120 aliud
520 2060 577 2122 hoc
595 2068 728 2140 tempore
752 2079 841 2122 manu
860 2080 1000 2124 sermone
1025 2060 1134 2125 consilio

135 2147 267 2208 scribere
290 2146 372 2227 loqui
394 2148 511 2209 volvere
535 2149 615 2211 libet.
658 2148 730 2210 vale.

604 2392 676 2459 XII.

311 2513 480 2570 SIDONIUS
498 2515 683 2570 TRYGETIO
703 2514 772 2570 SUO
792 2513 970 2572 SALUTEM.

203 2644 231 2709 1.
254 2647 418 2707 Tantumne
437 2654 466 2706 te
485 2645 635 2707 Vasatium
654 2648 756 2707 civitas
775 2665 835 2707 non
859 2649 985 2727 caespiti
1009 2651 1141 2728 imposito

83 2734 121 2797 '25
135 2736 187 2797 sed
220 2736 347 2816 pulveri,
374 2742 490 2797 tantum
518 2735 652 2815 Syrticus
685 2753 756 2814 ager
787 2754 820 2796 ac
850 2754 957 2815 vagum
990 2736 1088 2799 solum
1119 2735 1148 2795 el

135 2824 267 2885 volatiles
290 2826 386 2885 ventis
410 2824 620 2885 altercantibus
642 2824 770 2885 harenae
795 2824 853 2885 sihi
874 2825 1045 2907 possident,
1068 2836 1102 2889 ut
1118 2833 1148 2886 te

136 2916 250 2991 magnis
269 2913 432 2992 ilagitatum
450 2913 599 2994 precihus,
612 2915 711 2992 parvis
731 2920 898 2993 separatum
918 2916 1033 2996 spatiis,
1047 2917 1155 2978 mutus

136 3008 337 3080 exspectatum
360 3002 464 3063 diebus
488 3001 643 3062 adtrahere
671 3001 860 3081 Burdigalam
886 3021 947 3063 non
974 3012 1160 3082 potestate57

136 3108 197 3150 non
228 3092 388 3172 amicitiae,
420 3109 480 3151 non
507 3093 634 3170 opimata
662 3093 780 3151 vivariis
809 3099 906 3152 ostrea
934 3091 1069 3171 queant?
1114 3102 1165 3156 all

208 3284 224 3334 8
242 3278 330 3332 fidens
349 3279 540 3347 Wilamoooo'to,
557 3279 627 3332 fides
645 3280 721 3335 codd.
739 3283 743 3348 1
759 3279 839 3334 varia
857 3281 907 3351 Li
921 3285 955 3335 10
968 3289 1035 3352 post
1052 3282 1173 3353 huius}

136 3350 214 3405 modi
232 3351 295 3405 add.
314 3349 456 3404 hominem
470 3351 654 3420 LuetJ'ohaoooo,
672 3351 779 3418 frustra
792 3353 802 3419 1
816 3356 848 3404 11
868 3351 948 3406 cuius
966 3370 1037 3410 corr.
1052 3355 1086 3410 in
1105 3356 1177 3409 cn1

139 3423 171 3479 0²
185 3427 194 3494 11
210 3428 241 3477 12
260 3419 440 3490 requirunt-ur
457 3422 523 3477 ΒΝ
525 3423 557 3491 T,
575 3421 755 3491 requirantur
773 3422 836 3477 Mu
850 3424 859 3492 11
880 3429 913 3477 16
932 3423 1068 3481 exhalare
1086 3413 1177 3481 LO,

133 3511 169 3548 er
181 3492 363 3552 *exhalare
388 3495 418 3564 (3
438 3493 490 3551 litt.
509 3510 579 3551 eros.
594 3493 706 3566 M¹)M,
726 3492 870 3547 extorhale
890 3495 915 3548 Τ
934 3497 948 3564 1
966 3500 1002 3550 19
1022 3495 1177 3552 amicitia·
