2392 3854
111 190 193 269 Ι104
482 188 593 242 nrsnn
613 188 790 255 sumnus.

128 339 229 400 dotum
257 340 377 418 praevio
400 340 522 419 partim,
550 341 659 418 partim
682 340 841 398 comitante
864 336 1004 420 collegio,
1032 338 1150 400 scilicet

127 435 161 489 ut
188 429 350 507 municipio
381 445 514 488 summus
542 428 649 506 aliquis
677 429 809 488 antistes.
830 426 1030 508 ordinaretur,
1060 431 1148 489 cuius

128 517 271 578 ecclesiae
302 516 458 596 disciplina
495 516 630 598 nutabat,
665 522 822 597 postquam
854 518 955 576 iunior
986 519 1149 596 episcopus

127 606 236 667 Paulus
268 605 447 666 discesserat
479 605 720 685 decesseratque,
758 612 940 684 exceperunt
976 606 1148 685 pontificale

99 695 287 759 sconcilium
310 697 408 755 variae
431 693 597 755 voluntates
621 693 853 774 oppidanorum,
879 712 1020 755 necnon
1043 702 1075 755 et
1097 695 1147 756 illa

128 803 202 863 quae
238 783 349 844 bonum
380 782 532 862 publicum
566 802 684 862 semper
716 790 861 844 evertunt.
885 783 983 844 studia
1014 787 1147 866 privata3

128 872 157 934 2.
173 891 248 952 quae
268 871 389 951 quidam
407 874 611 932 triumviratus
631 872 806 933 accenderat
825 875 1054 955 competitorum,
1073 890 1145 953 qno-

77 954 78 958 ’
128 980 195 1022 rum
223 961 272 1021 hic
301 963 451 1040 antiquam
478 962 621 1022 natalium
648 964 883 1041 praerogativam
910 961 1026 1041 reliqua
1055 962 1145 1023 desti·

128 1059 210 1111 tutus
238 1068 356 1110 morum
384 1049 452 1110 dote
480 1049 628 1131 ructabat,
655 1050 704 1110 hic
732 1068 787 1130 per
814 1051 946 1129 fragores
969 1053 1146 1130 parasiticos

88 1163 115 1202 ιο
129 1139 294 1200 culinarum
318 1139 458 1218 suffragio
482 1147 667 1218 comparatos
685 1140 835 1217 Apicianis
854 1139 1010 1218 plausibus
1029 1143 1144 1220 ingere·

58 1264 60 1269 ·
127 1228 228 1310 batur,
258 1228 322 1310 hic,
345 1230 428 1309 apice
451 1231 548 1288 votivo
573 1230 599 1288 si
622 1230 782 1308 potiretur,
804 1231 893 1288 tacita
916 1231 1054 1308 pactione
1078 1248 1145 1310 pro-

127 1321 250 1378 miserat
272 1317 474 1378 ecclesiastica
499 1316 669 1396 plosoribus
693 1319 755 1377 suis
778 1317 904 1397 praedae
927 1318 1050 1396 praedia
1074 1319 1144 1378 lore.

128 1405 157 1468 3,
182 1406 261 1486 quod
287 1406 340 1467 ubi
362 1406 501 1467 viderunt
528 1413 648 1466 sanctus
670 1404 789 1466 Patiens
814 1413 843 1466 et
866 1415 987 1466 sanctus
1010 1405 1144 1487 Euphro-

128 1499 207 1577 nius,
229 1498 281 1575 qui
299 1498 429 1575 rigorem
448 1494 676 1574 firmitatemque
696 1497 860 1555 sententiae
880 1497 1008 1555 sanioris
1026 1504 1146 1575 praeter

88 1605 114 1647 15
130 1585 230 1645 odium
249 1586 433 1663 gratiamque
451 1586 543 1662 primi
560 1583 710 1666 tenebant,
729 1583 852 1644 consilio
872 1602 940 1644 cnm
959 1587 1146 1665 coepiscopis

128 1677 212 1753 prius
241 1673 317 1734 clam
345 1674 561 1733 communicato
586 1691 674 1752 qnam
696 1671 794 1753 palam
816 1672 933 1753 prodito
958 1676 1146 1753 strepituque

129 1763 269 1841 despecto
293 1760 397 1821 turbae
419 1761 546 1822 furentis
565 1764 676 1822 iunctis
694 1769 817 1841 repente
836 1761 974 1823 manibus
993 1770 1146 1843 arreptum

129 1850 262 1928 nihilque
286 1856 350 1909 tum
373 1852 472 1910 minus
496 1868 584 1928 quam
603 1869 677 1929 quae
697 1850 860 1930 agebantur
879 1857 1029 1930 optantem
1050 1854 1146 1932 suspi-

130 1946 305 2016 cantemque
329 1945 464 1998 sanctum
482 1937 651 2019 Iohannem,
674 1942 770 2000 virum
789 1940 944 2000 honestate
962 1940 1147 2002 humanitate

87 2053 115 2092 so
129 2027 357 2089 mansuetudine
376 2029 524 2105 insignem
547 2023 577 2088 4.
598 2021 706 2110 (lector
723 2029 773 2090 hic
792 2031 931 2110 primum,
951 2031 994 2090 sic
1008 2032 1147 2091 minister

128 2118 239 2198 altaris,
262 2115 353 2195 idque
376 2115 412 2176 ab
436 2117 568 2198 infantia,
591 2123 659 2196 post
677 2117 812 2179 laborum
830 2125 1060 2198 temporumque
1078 2137 1146 2198 pro

129 2226 216 2268 cessu
240 2205 475 2286 archidiaconus,
498 2207 530 2265 in
549 2224 607 2285 quo
627 2224 681 2266 sen
699 2206 792 2284 gradu
811 2226 865 2268 seu
883 2209 1052 2268 ministerio
1071 2207 1146 2269 mirl-

127 2307 192 2358 tum
215 2302 351 2357 retentus
377 2302 500 2375 propter
523 2295 700 2357 industriam
724 2296 776 2357 diu
799 2296 942 2375 dignitate
965 2314 1026 2356 non
1050 2298 1148 2377 potuit

129 2388 240 2467 augeri,
263 2403 301 2445 ne
324 2391 469 2464 potestate
488 2392 590 2465 posset
609 2379 749 2469 absolvi):
773 2392 902 2446 attamen
921 2385 1002 2446 hunc
1021 2387 1081 2446 iam
1101 2404 1145 2447 se·

89 2496 114 2535 25
129 2474 219 2535 cundi
251 2473 365 2534 ordinis
398 2473 582 2535 sacerdotem
614 2474 750 2535 dissonas
781 2476 861 2534 inter
891 2476 1022 2552 partium
1050 2493 1146 2556 voces,

129 2582 204 2642 quae
228 2562 405 2623 differebant
427 2562 547 2623 laudare
570 2581 631 2623 non
654 2563 830 2623 ambientem
851 2562 903 2623 sed
921 2581 978 2623 nec
998 2563 1150 2625 audebant·

129 2652 249 2731 culpare
282 2651 473 2732 laudabilem,
511 2651 698 2730 stupentibus
731 2652 861 2712 factiosis
899 2651 1147 2714 erubescentibus

128 2741 228 2821 malis,
255 2740 486 2801 acclamantibus
513 2739 600 2800 bonis
628 2739 858 2801 reclamantibus
886 2739 977 2801 nullis
1004 2741 1146 2822 collegam

130 2829 188 2889 sibi
211 2847 430 2890 consecravere.
476 2825 506 2890 5.
529 2847 609 2890 nunc
636 2847 706 2907 ergo
730 2828 864 2890 Iurensia
888 2831 966 2890 site
990 2832 1146 2892 remittunt

87 2938 115 2978 so
129 2921 187 2978 iam
219 2921 412 2998 monasteria,
444 2920 476 2977 in
506 2936 581 2996 qnae
609 2916 736 2977 libenter
764 2917 868 2978 solitus
896 2918 1060 2980 escendere
1089 2921 1145 2980 iam

129 3005 307 3068 caelestibus
335 3009 532 3085 supernisque
560 3005 710 3087 praeludis
737 3005 927 3086 habitaculis,
959 3007 1090 3085 gaudere
1116 3015 1145 3069 te

129 3115 183 3176 par
211 3101 256 3154 est
284 3094 320 3154 de
351 3097 553 3156 communium
580 3093 698 3175 patrum
725 3094 772 3156 vel
798 3103 992 3175 patronorum
1021 3115 1076 3158 scu
1104 3099 1146 3157 sic

202 3271 235 3320 1c
255 3266 285 3319 ct
303 3268 430 3338 sanetus]
451 3269 621 3335 sanctusque
640 3268 732 3337 01117
751 3266 853 3321 turbae
872 3266 992 3325 furentis
1012 3267 1147 3351 despecto

129 3340 171 3408 M,
190 3335 310 3392 furentis
329 3337 431 3392 turbae
449 3337 582 3408 despecto
599 3337 639 3411 Ol
655 3337 759 3392 iuuetis
772 3338 800 3392 L
818 3345 843 3393 et
860 3345 892 3394 ut
905 3356 929 3394 o.
944 3339 984 3407 N,
1002 3339 1088 3395 iaot1s
1108 3339 1147 3406 (iu

128 3415 161 3466 c'u
179 3412 245 3476 ras.)
265 3408 381 3476 N¹OT,
404 3407 486 3462 iectis
511 3414 590 3471 (corr.
614 3410 645 3464 ic
669 3408 753 3463 iactis
772 3409 872 3479 M¹)M
890 3413 899 3480 Ι]
925 3414 957 3463 18
977 3409 1075 3480 nilque
1096 3411 1148 3482 (ll

120 3487 159 3535 29
177 3481 236 3535 sibi
249 3497 300 3537 om.
315 3479 357 3550 Ol
371 3479 497 3535 iorcnsia
511 3481 578 3535 ΕΝ
586 3483 596 3549 ll
610 3485 645 3535 30
664 3480 813 3535 escendere
827 3481 854 3535 L
868 3488 893 3537 et
908 3484 988 3549 (corr.
1005 3483 1037 3537 in
1051 3498 1147 3538 ascen·

107 3551 181 3607 dete
197 3553 302 3626 N'jN,
324 3552 483 3611 escendere
504 3554 541 3610 M
545 3553 622 3626 GTl
1080 3578 1084 3587 ·
