2414 3864
502 136 651 192 CARMEN
671 137 718 192 IX.

264 305 325 347 non
347 287 397 346 hic
421 287 559 347 socciferi
581 288 663 346 iocos
686 285 857 368 Menandri,

263 394 324 436 non
347 375 420 436 laesi
442 375 611 436 Archilochi
634 376 714 436 leros
738 375 868 456 iambos,

194 476 245 525 210
264 464 311 525 vel
334 464 401 544 plus
425 464 588 525 Stesichori
611 483 714 543 graves
739 463 900 547 Camenas,

264 561 314 614 aut
338 553 416 632 quod
440 555 606 632 composuit
628 552 726 632 puella
748 552 869 635 Lesbis,

265 661 325 703 non
348 643 428 721 quod
451 642 569 703 Mantua
592 649 750 703 contumax
773 641 906 704 Homero

265 731 372 792 adiecit
394 730 561 792 Latiaribus
584 730 724 812 loquelis,

264 821 386 899 aequari
410 819 529 881 sibimet
552 819 678 881 subinde
700 819 795 880 livens

192 920 244 970 220
262 908 351 969 husto
374 908 589 987 Parthenopam
611 909 813 988 Maronian03-

262 1015 322 1057 non
347 997 426 1076 quod
449 1005 516 1077 post
539 999 646 1058 satiras
669 997 865 1077 epistularum

264 1105 493 1166 sermonumque
517 1086 593 1147 sales
616 1104 783 1166 novumque
807 1087 942 1170 epodon,

263 1175 356 1236 libros
380 1176 520 1237 carminis
544 1194 577 1236 ac
600 1177 747 1254 poeticam
770 1182 866 1236 artem

263 1264 375 1325 Phoebi
397 1263 534 1326 laudibus
558 1271 588 1325 et
609 1282 698 1343 vagae
721 1263 832 1324 Dianae

192 1365 244 1414 220
266 1353 443 1432 conscriptis
466 1353 559 1413 voluit
582 1371 687 1414 sonare
710 1352 847 1435 Flaccus3

266 1461 326 1503 non
350 1442 427 1521 quod
451 1440 591 1521 Papinius
614 1449 683 1503 tuus
707 1460 851 1520 meusque

261 1534 341 1592 inter
363 1530 526 1591 Labdacios
550 1537 636 1591 sonat
658 1531 774 1591 furores

263 1627 313 1681 aut
336 1639 404 1680 cum
427 1620 502 1680 torte
525 1620 634 1700 pedum
658 1621 773 1680 minore
796 1619 938 1699 rhythmo

262 1711 358 1788 pingit
381 1727 513 1788 gemmea
536 1716 620 1788 prata
644 1708 824 1769 silvularum.

191 1810 243 1859 230
307 1797 373 1858 Non
397 1797 476 1877 quod
499 1797 635 1858 Corduba
658 1804 837 1877 praepotens
861 1798 989 1860 alumnis

262 1886 422 1947 facundum
445 1887 517 1967 ciet,
540 1886 589 1947 hic
612 1894 699 1966 putes
722 1886 895 1969 legendum,

263 1994 389 2055 quorum
412 1994 490 2036 unus
514 1975 584 2035 colit
606 1975 758 2054 hispidum
782 1974 904 2037 Platona

262 2066 472 2143 incassumque
496 2082 583 2124 suum
606 2072 708 2124 monet
730 2063 894 2147 Neronem,

262 2154 444 2213 orchestram
468 2155 562 2232 quatit
585 2153 660 2214 alter
681 2152 835 2232 Euripidis
842 2200 851 2234 ,

190 2253 241 2302 230
260 2245 374 2321 pictum
398 2241 529 2302 faecibus
553 2241 718 2320 Aeschylon
741 2251 862 2303 secutus

262 2338 312 2391 aut
336 2330 477 2409 plaustris
502 2330 622 2391 solitum
645 2349 750 2391 sonare
774 2331 920 2414 Thespin,

262 2422 313 2499 qui
335 2427 403 2499 post
426 2419 539 2499 pulpita
562 2422 633 2480 trita
656 2420 710 2480 suh
736 2421 882 2481 cothurno

260 2508 407 2569 ducebant
430 2507 524 2569 olidae
549 2527 661 2569 marem
685 2508 829 2590 capellae,

259 2616 389 2676 pugnam
412 2599 518 2658 tertius
542 2597 591 2658 ille
615 2597 757 2658 Gallicani

189 2698 240 2747 240
260 2687 335 2746 dixit
358 2686 505 2767 Caesaris,
527 2693 561 2746 ut
584 2704 674 2765 gener
698 2704 842 2765 socerque

260 2783 383 2854 cognata
407 2775 581 2854 impulerint
603 2777 634 2834 in
658 2794 739 2836 arma
762 2774 901 2856 Romam,

259 2871 375 2925 tantum
398 2865 471 2925 dans
495 2863 630 2924 lacrimas
655 2866 717 2924 suis
739 2863 900 2946 Philippis,

258 2960 292 3013 ut
315 2952 415 3013 credat
438 2952 595 3013 Cremerae
620 2952 714 3013 levem
738 2955 869 3035 ruinam,

259 3042 335 3101 infra
359 3048 389 3101 et
412 3049 531 3102 censeat
553 3041 657 3102 Alliam
679 3041 837 3102 dolendam

188 3141 241 3190 240
260 3149 293 3190 ac
316 3129 427 3190 Brenni
450 3132 481 3190 in
504 3133 614 3191 trutina
637 3131 736 3191 lovem
759 3131 960 3211 redemptum,

258 3225 416 3298 postponat
438 3219 576 3279 Trebiam
599 3238 762 3299 gravesque
787 3219 916 3301 CannaS,

168 3429 220 3480 216
238 3424 337 3478 Lesbis
356 3426 547 3495 Luetjohaum
570 3426 643 3481 lesbi
661 3427 736 3482 codd.
752 3430 761 3496 ΙΙ
775 3433 827 3482 220
846 3428 1018 3497 parthenope]

91 3502 143 3555 221
161 3497 230 3572 post
248 3495 323 3570 Leo,·
340 3513 392 3570 pcr
411 3499 579 3570 coddl‘t‘ah
598 3516 637 3552 ou
651 3497 758 3552 soluite
780 3499 975 3568 IactJohauul
