2414 3864
414 171 629 230 omnnnxr.
964 175 1028 241 307

52 325 69 375 t
100 322 176 383 dum
201 321 289 402 fugit,
313 329 342 382 et
365 322 430 381 fixit
452 322 586 401 trepidus
611 321 803 401 Symplegada
827 323 921 406 Tifys,

96 414 165 472 exit
188 413 220 470 in
243 411 434 470 Isthmiacum
457 411 577 490 pelagus
602 410 807 472 claudentibus
831 412 885 473 alis

96 518 243 561 saxorum
268 499 304 559 de
328 517 402 578 rupe
426 502 527 581 sinus,
551 517 609 579 quo
634 518 721 579 saepe
745 519 867 562 recessu

95 592 147 650 sic
170 596 321 666 tamquam
344 595 406 648 toto
430 596 513 649 coeat
536 589 572 649 dc
596 588 707 649 lumino
731 589 818 671 caeli,

95 685 217 738 artatur
240 677 362 738 collecta
385 677 448 738 dios
472 677 672 757 tremulasque
696 697 750 756 per
772 679 867 739 undas

52 784 55 805 *
93 768 273 845 insequitur
296 772 409 826 secreta
433 766 512 847 vadi,
535 769 745 828 transmittitur
769 767 826 828 alto

95 855 242 935 perfusus
266 854 424 934 splendore
447 855 538 936 latex,
561 858 729 935 mirumque
752 856 862 937 relatu,

93 943 220 1024 lympha
242 943 319 1004 bibit
342 943 435 1004 solem
458 947 601 1024 tenuique
625 947 737 1006 inserta
760 945 871 1006 fluento

95 1034 235 1113 perforat
258 1035 355 1093 arenti
376 1033 459 1093 radio
484 1033 534 1094 lux
558 1036 635 1094 sicca
658 1034 813 1114 liquorom.

146 1121 276 1182 Profecit
299 1122 397 1182 studio
421 1125 561 1204 spatium,
585 1141 654 1183 nam
676 1123 817 1183 Lemnius
841 1123 902 1184 illic

102 1228 160 1271 ceu
182 1209 327 1289 templum
349 1210 421 1271 lusit
444 1211 551 1272 Veneri
574 1211 745 1291 fulmenque
768 1211 941 1290 relinquens

96 1298 151 1359 hic
174 1298 362 1378 ferrugineus
386 1299 508 1360 fumavb
531 1319 617 1379 saepe
640 1300 813 1380 Pyragmon.

98 1387 151 1448 bic
175 1387 249 1467 lapis
273 1395 332 1468 est,
356 1388 392 1448 do
416 1391 546 1467 quinque
566 1389 638 1449 locis
658 1389 731 1450 dans
751 1392 881 1468 quinque
901 1379 1025 1473 co'lores,

99 1476 255 1558 Aethiops,
278 1475 419 1557 Frygius,
441 1477 559 1558 Parius,
581 1478 712 1560 Poenus,
735 1478 950 1561 Lacedaemon,

104 1583 286 1646 purpuram,
309 1566 428 1646 viridis,
450 1567 634 1647 maculosus,
657 1566 787 1628 eburnus
808 1574 837 1627 et
859 1567 952 1629 albus

105 1662 205 1732 postes
229 1654 404 1734 chrysolithi
426 1655 522 1716 fulvus
546 1655 716 1733 diffulgurat
739 1655 839 1737 ardor3

102 1743 267 1824 myrrhina,
291 1744 503 1825 sardonycboS,
527 1746 707 1824 amethystus
730 1743 859 1806 Hiberus
865 1748 989 1827 ,iaspis

100 1832 208 1913 lodus,
232 1831 431 1914 Chalcidicos,
456 1832 624 1915 Scythicus,
646 1832 791 1915 beryllus,
814 1835 932 1895 achates

104 1920 242 1981 attollunt
265 1921 398 2001 duplices
422 1922 542 2000 argenti
560 1923 679 1983 cardine
703 1923 813 2004 valvas,

101 2029 155 2090 per
179 2028 252 2088 quas
276 2010 384 2070 inclusi
406 2010 503 2071 lucem
527 2015 617 2072 vomit
639 2011 745 2072 umbra
765 2013 925 2094 smaragdi3

52 2111 59 2136 ³
99 2098 201 2159 limina
224 2117 342 2159 crassus
366 2117 442 2180 onyx
466 2107 578 2161 crustat
601 2108 780 2182 propterque
803 2102 953 2180 hyacinthi

100 2187 218 2248 caerula
242 2188 419 2248 concordem
443 2189 555 2250 faciunt
577 2192 608 2250 in
632 2197 733 2268 stagna
757 2189 895 2250 colorem.

99 2279 232 2337 exterior
253 2294 313 2337 non
336 2285 452 2356 compta
475 2278 562 2359 silex,
586 2279 638 2339 sed
660 2281 810 2358 prominet
833 2278 889 2338 alte

98 2384 187 2444 asper
210 2364 247 2425 ab
271 2366 390 2426 assiduo
414 2366 599 2446 lympharum
623 2366 746 2427 verbere
768 2385 886 2446 pumex.

98 2456 243 2515 interiore
267 2453 331 2514 loco
356 2455 505 2516 simulavit
527 2455 671 2516 Mulciber
694 2474 766 2516 auro

52 2541 72 2590 ὓ
101 2549 236 2603 extantes
260 2542 317 2603 lato
341 2543 479 2622 scopulos
503 2551 590 2623 atque
614 2552 677 2604 arto
701 2546 840 2622 magistra

99 2633 215 2709 ingenti
238 2631 319 2692 cultu
342 2639 464 2692 naturae
488 2633 599 2694 inculta
623 2632 739 2713 fefellit,

98 2721 169 2781 huic
193 2723 277 2798 opcri
299 2723 455 2802 insistenS,
479 2722 557 2800 quod
580 2722 707 2783 necdum
731 2728 852 2781 noverat
875 2721 925 2781 illa

98 2827 173 2888 quae
198 2817 267 2888 post
289 2809 455 2871 Lemniacis
479 2810 627 2871 damnavit
649 2812 727 2871 furta
751 2812 871 2870 catenis.

99 2916 259 2977 squameus
282 2898 340 2959 huc
363 2898 466 2959 Triton
490 2899 616 2978 duplicis
639 2900 766 2960 confinia
790 2898 872 2959 dorsi

52 2985 78 3040 *5
98 3005 157 3066 qua
181 2994 289 3048 coeunt
313 3006 401 3067 supra
426 2991 590 3048 sinuamina
614 2988 723 3049 tortilis
747 2987 803 3048 alvi

96 3078 176 3136 inter
199 3094 290 3155 aquas
314 3075 407 3136 calido
431 3079 559 3156 portavit
582 3077 670 3138 corde
693 3077 815 3137 Dionen.

98 3165 149 3225 sed
173 3167 283 3243 promit
305 3165 419 3225 adiecto
443 3166 585 3226 radiantis
608 3166 739 3246 pondero
763 3165 891 3225 conchae

81 3323 110 3372 11
130 3318 288 3386 mirumque
314 3335 361 3390 epo
388 3321 463 3385 (item
486 3319 663 3388 Imetfobaoo
686 3321 719 3373 ic
743 3319 865 3387 adnot.);
892 3317 1020 3387 miroque

52 3385 83 3447 ld.
97 3390 107 3459 ΙΙ
121 3394 154 3444 18
170 3388 299 3459 aethiops
310 3389 376 3458 Tr,
393 3389 531 3460 aethyops
542 3389 606 3459 01²3
620 3388 777 3459 Aethiopus
789 3389 898 3445 Goloida
911 3393 920 3460 ΙΙ
934 3395 968 3443 16
982 3407 1021 3444 on

52 3457 130 3516 innt?
150 3461 327 3530 Incety'obooo
341 3463 350 3530 l
364 3467 398 3516 32
417 3461 490 3516 buno
509 3463 573 3532 PT,
591 3478 664 3515 nunc
684 3461 710 3515 T
728 3467 740 3533 u
758 3466 792 3514 36
810 3460 924 3515 Dionen
942 3461 1024 3514 Luct-

52 3549 126 3602 dmm
143 3530 261 3586 Dionem
280 3533 355 3589 codd.
369 3535 382 3604 d

831 3618 893 3677 ‘iffi
