2414 3864
139 141 203 206 162
489 141 599 196 LIBER
616 140 803 199 SEPTIMUS.

138 297 380 372 enumeraturus3
407 309 467 352 non
489 293 633 352 tacuisset
654 290 788 370 triplices
810 291 1016 371 praefecturas
1041 301 1072 354 et
1087 293 1152 373 Sya-

138 382 202 459 grio
235 386 286 440 tuo
313 397 368 460 pro
400 382 510 441 totiens
540 382 661 440 mutatis
686 379 884 459 praeconibus
910 384 1074 460 praeconia
1094 400 1149 443 uon

137 476 288 551 negasset,
310 475 426 549 patrem
449 469 517 529 inde
540 475 721 548 patruosque
744 471 866 529 minime
890 468 1026 531 silendos
1049 490 1148 550 pereu-

138 561 291 619 currisset.
336 555 365 618 2.
399 564 430 617 et
460 557 623 636 quamlibet
647 564 751 636 posset
777 558 1009 636 triumphalibus
1038 560 1147 620 adoreis

109 647 266 708 afamiliae
297 653 365 707 tuae
397 645 565 727 defetigari,
596 664 657 707 non
689 653 788 707 tamen
816 653 939 707 eatenus
969 647 1146 727 explicandis

137 739 327 815 antiquorum
360 734 565 796 stemmatibus
588 736 804 816 exinaniretur,
826 741 861 796 ut
884 735 921 795 ob
945 736 1002 797 hoc
1026 737 1063 797 ad
1085 755 1142 797 nar·

137 825 258 886 randam
286 823 410 903 gloriam
441 831 522 884 tuam
554 824 639 884 fieret
670 822 818 905 obtusior;
842 826 907 905 qui,
940 827 968 887 si
999 828 1088 887 etiam
1115 827 1141 884 in

137 912 303 974 scribendis
335 914 481 973 maiorum
512 920 632 974 tuorum
665 912 824 974 virtuthus
852 913 961 974 fuisset
987 913 1141 994 hebetatus,

136 1004 196 1063 tuis
224 1002 321 1062 denuo
348 1003 464 1062 meritis
497 1005 741 1063 cacumiuaretur.
779 1001 831 1062 sed
864 1003 1074 1064 salutationem
1093 1001 1137 1063 tibi

96 1113 122 1153 ro
135 1089 285 1170 publicam
317 1091 519 1151 destinaturus
550 1109 611 1151 non
643 1091 714 1170 quid
747 1092 869 1171 fuisses,
892 1091 946 1152 sed
977 1091 1049 1171 quid
1070 1108 1135 1152 nunc

134 1181 233 1259 potius
265 1198 349 1240 esses
386 1179 590 1240 consideravit.
643 1179 672 1243 3.
713 1181 917 1258 praetermisit
952 1179 1062 1243 Gallias
1091 1178 1133 1240 tibi

135 1269 354 1330 administratas
377 1274 461 1349 tuuc,
485 1287 553 1329 cum
575 1286 712 1330 maxume
735 1267 901 1329 incolumes
924 1277 1018 1330 erant.
1062 1285 1132 1348 prae·

134 1360 263 1418 termisit
299 1357 418 1418 Attilam
450 1356 546 1417 Rheni
581 1358 712 1438 hostem,
748 1357 979 1419 Thorismodum
1014 1356 1129 1419 Rhodani

92 1447 95 1453 ’
133 1447 290 1528 hospitem,
308 1448 425 1507 Aetium
443 1445 559 1524 Ligeris
581 1444 771 1507 liberatorem
790 1445 851 1529 sola
870 1453 900 1507 te
921 1446 1129 1526 dispositionum

95 1556 120 1597 15
135 1535 307 1597 salubritate
339 1535 496 1615 tolerasse,
527 1542 709 1614 propterque
731 1534 922 1614 prudentiam
944 1542 1056 1597 tantam
1075 1551 1125 1614 pro·

133 1624 352 1703 ridentiumque
385 1641 505 1684 currum
537 1632 622 1684 tuum
654 1624 851 1703 provinciales
888 1643 958 1685 cum
989 1624 1125 1704 plausuum

134 1715 261 1774 maximo
291 1719 415 1774 accentu
447 1715 617 1792 spontaneis
648 1712 764 1773 subisse
794 1713 975 1795 cervicibus,
1008 1714 1073 1793 qnia
1095 1711 1127 1770 sic

133 1801 263 1862 habenas
295 1801 455 1862 Galliarum
486 1801 689 1883 moderarere,
725 1808 759 1862 ut
794 1819 952 1880 possessor
988 1803 1126 1863 exhaustus

133 1889 290 1950 tributario
327 1892 396 1969 iugo
427 1890 615 1951 relevaretur.
656 1893 857 1969 praetermisit
888 1909 992 1969 regem
1024 1889 1125 1951 Gothiae

93 2003 119 2041 ao
133 1979 351 2040 ferocissimum
382 1979 524 2040 inflexum
560 1981 649 2040 allatu
685 1986 736 2040 tuo
768 1979 874 2040 melleo
906 1983 1002 2061 gravi,
1042 1981 1126 2058 arguto

133 2069 273 2128 inusitato
306 2074 337 2128 et
367 2068 403 2128 ab
434 2067 651 2129 Arelatensium
690 2070 785 2147 portis
824 2086 913 2147 quem
948 2068 1051 2129 Aetius
1081 2079 1125 2127 nou

132 2158 278 2237 potuisset
300 2157 428 2238 proelio,
460 2165 489 2218 te
521 2157 645 2236 prandio
676 2159 846 2217 removisse.
892 2156 922 2218 4.
952 2154 1127 2218 haecomnia

132 2248 346 2327 praetermisit,
375 2264 497 2326 sperans
522 2248 734 2325 congruentius
761 2254 846 2306 tuum
870 2245 948 2306 salve
972 2246 1127 2326 pontificum

133 2353 220 2416 qnam
240 2342 410 2395 senatorum
428 2337 487 2395 iam
505 2335 674 2396 nominibus
694 2334 827 2416 adiungi,
847 2337 1022 2415 censuitque
1038 2335 1128 2396 iustius

93 2442 118 2483 aa
133 2426 211 2505 fieri,
245 2426 270 2485 si
302 2426 382 2484 inter
411 2423 559 2502 perfectos
583 2424 694 2484 Christi
717 2443 805 2502 quam
829 2425 854 2483 si
877 2426 956 2484 inter
979 2424 1127 2504 praefectos

132 2512 328 2573 Valentiniani
360 2515 584 2573 constituerere.
630 2531 726 2592 neque
759 2520 788 2572 te
817 2512 1023 2574 sacerdotibus
1045 2513 1129 2592 potius

133 2602 295 2662 admixtum
326 2604 397 2662 vitio
429 2608 524 2661 vertat
555 2601 701 2679 malignus
731 2603 895 2681 interpres,
927 2619 996 2661 nam
1027 2597 1131 2680 grandis

133 2691 271 2751 ordinum
294 2692 459 2769 ignorantia
490 2696 572 2750 tenet
600 2691 669 2751 hinc
693 2689 803 2768 aliquid
828 2689 1035 2772 derogaturos,
1067 2689 1132 2769 quia,

133 2781 234 2859 sicuti,
267 2798 334 2840 cum
367 2779 487 2860 epulum
519 2779 662 2839 festivitas
692 2778 810 2858 publica
833 2780 915 2859 facit,
939 2782 1023 2858 prior
1045 2787 1090 2839 est
1108 2777 1132 2833 ir

92 2885 118 2925 ao
132 2869 228 2945 prima
250 2887 351 2929 mensa
376 2871 496 2929 conviva
518 2875 686 2946 postremus
710 2869 750 2949 ei,
784 2870 835 2946 qui
861 2869 976 2946 primus
1000 2867 1135 2929 fueritin

133 2955 274 3037 secunda,
305 2960 348 3018 sic
380 2958 490 3036 absque
520 2957 736 3017 conflictatione
759 2958 957 3036 praestantior
982 2956 1141 3018 secundum

204 3220 219 3267 3
238 3216 458 3284 percucurrisset
480 3216 546 3270 LN
549 3217 585 3285 T,
608 3215 793 3285 percurrisset
811 3217 849 3270 M
853 3216 876 3271 0
899 3217 908 3284 l
936 3221 952 3269 6
971 3217 1016 3288 ut]
1036 3217 1065 3270 et
1082 3215 1107 3269 L
1141 3197 1161 3271 lt

132 3292 148 3340 9
168 3285 391 3340 cacuminaretur
408 3287 478 3342 Lat
498 3293 551 3356 (pr.
570 3305 585 3341 c
603 3304 670 3342 eras.
686 3288 788 3355 NUN,
811 3288 1021 3342 acuminaretur
1038 3289 1076 3342 Μ
1079 3279 1136 3341 OT
1145 3287 1164 3350 ξ

131 3360 164 3426 cf.
176 3376 197 3413 c.
214 3359 282 3424 VH,
292 3361 346 3412 412
360 3374 481 3426 saxoque
496 3358 654 3412 cacuminat
668 3376 776 3425 ensem3
791 3359 913 3427 XXIII,
921 3362 978 3414 295
992 3363 1002 3425 l
1015 3364 1050 3413 20
1064 3356 1165 3428 grav¹

131 3447 181 3486 om.
202 3431 228 3484 Τ
239 3433 248 3498 ΙΙ
263 3436 295 3483 21
316 3431 345 3482 et
362 3446 430 3484 eras.
445 3431 502 3497 M1,
520 3447 569 3485 om.
585 3431 625 3497 P;
643 3432 677 3498 cf.
697 3447 719 3485 c.
734 3431 791 3498 IX,
804 3435 914 3502 {Osqqc
933 3431 970 3486 ab.
984 3434 1057 3500 208;
1075 3411 1165 3485 XV:

125 3504 208 3571 Ml
220 3506 254 3555 25
270 3500 445 3574 praefectos]
464 3501 604 3573 perfectos
624 3501 701 3573 OTll
