2414 3864
361 181 513 236 CARMEN
531 182 578 237 IX.

120 332 220 391 fratris
245 332 371 391 crimine
395 333 446 410 qui
469 333 562 392 miser
584 334 694 393 voratis

119 422 218 480 vivum
240 420 417 499 pignoribus
440 420 496 481 luit
519 421 702 502 sepulcrum,

120 527 188 570 cum
211 515 279 588 post
300 508 354 570 bas
379 509 481 588 epulas
504 518 628 589 repente
652 511 738 571 llexis

62 610 102 660 ¹15
122 598 209 659 Titan
232 597 370 659 curribus
394 598 533 659 occidens
557 599 592 659 ad
617 606 716 659 ortum

121 689 273 748 convivam
296 688 424 768 lugeret,
447 687 528 748 diem
550 688 674 766 fugaret.

163 775 225 836 Neo
247 775 325 855 Fryx
347 784 449 856 pastor
471 779 529 837 erit
551 776 607 836 tibi
629 775 786 858 legendus,

120 865 296 925 decrescens
320 867 368 925 cui
390 864 557 944 Dindymon
579 868 676 926 reciso

119 954 214 1015 fertur
236 956 347 1014 vertice
369 956 502 1014 texuisse
526 954 666 1036 classem,

63 1055 103 1104 ,to
122 1061 190 1103 cum
213 1044 298 1103 iussu
319 1042 444 1103 Veneris
467 1046 682 1121 patrocinantis

118 1140 214 1192 terras
237 1130 373 1192 Oebalias
396 1139 426 1192 et
448 1131 609 1211 hospitales

118 1227 219 1299 raptor
241 1220 436 1300 depopulatus
460 1228 506 1281 est
529 1220 677 1300 Amyclas,

117 1309 256 1389 praedam
279 1317 362 1370 trans
385 1309 506 1388 pelagus
529 1317 634 1388 petens
658 1328 824 1388 sequacem.

119 1398 170 1459 sed
194 1417 249 1459 nec
272 1397 414 1477 Pergama
437 1416 492 1459 nec
515 1398 647 1459 decenne
670 1398 782 1460 bellum

66 1501 100 1549 to
119 1506 174 1548 neo
198 1506 298 1548 saevas
321 1488 550 1566 Agamemnonis
573 1486 732 1567 phalangas

118 1594 174 1637 nec
197 1578 328 1656 periuria
351 1595 514 1656 persequar
537 1576 670 1657 Sinonis,
784 1611 788 1619 ·

121 1684 173 1725 am
196 1683 254 1744 quo
277 1664 406 1726 Palladio
430 1665 525 1725 dicata
550 1668 633 1743 signo

117 1753 224 1834 pellaci
246 1762 378 1815 reserata
401 1755 553 1833 proditore

117 1850 286 1922 portantem
307 1843 422 1922 pedites
446 1861 555 1923 equum
579 1845 701 1922 recepit.

66 1945 100 1994 30
164 1930 229 1991 Non
252 1932 301 1992 bic
324 1932 474 1993 Maeoniae
498 1931 566 1992 stilo
590 1932 736 1994 Camenae

118 2022 191 2081 civis
214 2019 401 2100 Dulichiique
424 2021 617 2101 Thessalique

117 2111 257 2169 virtutem
282 2112 516 2189 sapientiamque
540 2128 642 2190 narro,

120 2216 246 2276 quorum
269 2199 317 2259 bic
340 2199 456 2259 Peliaco
478 2206 600 2278 putatur
623 2206 707 2260 antro

118 2295 240 2368 venatu,
263 2287 387 2368 fidibus,
410 2287 556 2367 palaestra
580 2295 609 2347 et
631 2287 734 2349 herbis

65 2389 98 2438 35
118 2375 174 2436 sub
199 2376 392 2455 Saturnigena
417 2395 488 2437 sene
511 2379 678 2457 institutus,

118 2463 188 2525 dum
211 2483 290 2525 nunc
314 2465 407 2526 lustra
431 2472 532 2526 terens
555 2484 630 2544 puer
653 2465 784 2525 lerarum

117 2556 228 2632 passim
251 2572 306 2633 per
328 2552 458 2614 Pholoen
481 2556 558 2614 iacet
579 2556 725 2634 nivosam,

116 2654 202 2703 nunc'
219 2643 413 2722 praesepibus
437 2642 584 2703 accubans
608 2645 712 2703 amatis

117 2730 226 2792 dormit
249 2730 368 2791 mollius
391 2735 422 2792 in
446 2732 514 2792 iuba
538 2733 685 2812 magistri3

66 2832 99 2882 to
118 2820 187 2881 inde
212 2820 385 2900 Scyriadum
408 2820 494 2882 datus
517 2822 634 2899 parenti

117 2907 207 2969 falsae
231 2911 350 2970 nomina
372 2909 532 2989 pertulisse
556 2909 684 2988 Pyrrhae

118 3003 206 3076 atque
229 3000 309 3058 inter
331 3001 454 3059 tetricae
479 2998 585 3059 choros
608 2998 756 3059 Minervae

117 3085 249 3147 occultos
271 3087 380 3147 Veneri
402 3094 516 3148 rotasse
539 3088 673 3169 thyrsos3

117 3182 268 3254 postremo
292 3175 327 3236 ad
351 3176 474 3255 Frygiae
499 3195 605 3236 sonum
628 3179 748 3256 rapinae

66 3272 230 3326 intractus
253 3265 389 3326 laudibus
412 3265 548 3326 Hectoris
571 3264 717 3326 trahendi.

117 3361 163 3414 ast
185 3353 282 3435 illum,
305 3356 354 3414 cui
377 3357 501 3434 contigit
523 3361 677 3433 paternam

67 3547 79 3595 1
95 3542 265 3610 praetulisse
283 3543 343 3599 PT
351 3545 363 3614 l
