2414 3864
411 155 633 261 claudun(
954 171 1020 238 249

95 319 227 382 circulus
250 322 377 400 inpactis
400 320 523 382 loricam
546 323 642 383 texuit
664 314 784 406 hamis),

96 409 150 470 sed
173 409 282 470 nudata
304 416 407 492 caput3
430 428 485 489 pro
508 411 592 470 crine
615 411 772 471 racemifer
795 412 856 470 exit

94 498 223 579 plurima
245 517 300 578 per
323 499 451 559 frontem
474 501 682 578 constringens
706 499 813 578 oppida
835 498 961 580 palmes,

55 600 76 649 a
95 605 209 668 perque
233 605 353 648 umeros
377 595 500 669 teretes,
524 587 680 648 rutilantes
701 606 815 667 perque
838 586 965 648 lacertos

95 675 225 756 pendula
247 676 437 756 gemmiferae
460 676 637 738 mordebant
660 695 787 756 suppara
810 675 916 737 bullae.

96 767 216 844 segnior
238 765 350 826 incedit
373 767 456 826 senio
479 766 704 845 venerandaque
727 765 860 826 membra

95 857 263 915 viticomam
286 856 419 916 retinens
442 853 540 915 baculi
563 857 627 915 vice
651 855 745 915 flectit
767 855 802 916 ad
826 853 948 915 ulmum.

95 942 148 1003 sed
170 950 270 1004 tamen
291 942 418 1004 Ubertas
442 946 589 1023 sequitur:
622 962 807 1024 quacumque
830 946 1022 1026 propinquat,

50 1045 79 1093 ιο
96 1034 217 1092 incessu
241 1032 381 1093 fecundat
402 1034 473 1115 iter3
497 1036 693 1112 comitataque
716 1051 852 1112 gressum

96 1121 172 1181 laeta
195 1139 249 1199 per
272 1123 433 1200 impressas
456 1129 538 1182 rorat
559 1122 712 1182 Vindemia
735 1121 859 1201 plantas.

95 1209 178 1270 ilicet
200 1210 366 1289 ingreditur
388 1209 522 1271 Tiberini
545 1212 671 1290 gurgitis
695 1218 820 1272 antrum.

97 1297 237 1360 currebat
259 1299 367 1359 fluvius
390 1299 525 1360 residens
549 1310 579 1360 et
601 1300 776 1360 harundinis
801 1298 875 1360 altae

97 1386 237 1448 concolor
258 1390 290 1447 in
308 1387 397 1448 viridi
420 1388 554 1449 fluitabat
577 1387 649 1449 silva
672 1388 790 1469 capill03

50 1488 77 1538 ts
97 1476 148 1537 dat
170 1478 300 1537 sonitum
323 1483 423 1538 mento
446 1477 525 1538 unda
548 1477 671 1559 cadens,
698 1476 769 1538 licet
790 1476 908 1556 bispida
931 1478 1021 1537 saetis

97 1567 260 1644 suppositis
283 1564 410 1626 multum
434 1566 551 1627 sedaret
573 1565 664 1627 barba
687 1566 846 1646 fragorem3

94 1661 217 1733 pectore
240 1653 376 1715 ructabat
398 1654 500 1716 latices
524 1655 667 1734 lapsuque
691 1656 779 1715 citato

97 1742 229 1804 sulcabat
251 1742 400 1803 madidam
422 1745 481 1804 iam
504 1750 622 1804 torrens
646 1742 745 1804 alveus
769 1742 873 1803 alvum.

96 1838 228 1892 terretur
250 1834 387 1893 veniente
411 1832 465 1893 dea
488 1831 684 1911 manibusque
708 1833 842 1893 remissis

50 1931 76 1982 io
95 1939 198 1981 remus
222 1927 252 1980 et
274 1938 349 1981 urna
372 1921 489 1982 cadunt.
535 1923 637 1981 veniae
661 1929 725 1982 tum
747 1920 837 1982 verba
858 1923 976 2000 paranti

93 2008 145 2070 illa
167 2011 266 2088 prior:
290 2005 388 2070 ‘venio
410 2010 559 2071 viduatam
581 2010 718 2090 praesule
741 2017 844 2070 nostro

96 2116 152 2177 per
173 2105 217 2178 te,
241 2100 267 2158 si
290 2097 417 2179 placeat,
440 2097 570 2160 lacrimis
593 2099 746 2160 inflectere
769 2098 905 2159 Romam:

97 2194 215 2265 expetat
236 2187 367 2248 Aurorae
390 2195 490 2266 partes
510 2188 646 2267 fastuque
670 2195 784 2249 remoto

95 2275 152 2336 boc
174 2294 268 2336 unum
291 2283 434 2358 praestet,
457 2279 515 2337 iam
538 2275 606 2356 plus
629 2277 768 2356 dignetur
790 2277 890 2336 amari.

50 2378 75 2428 lo
97 2366 212 2426 instrue
237 2383 310 2444 quas
334 2372 456 2444 quaerat
477 2367 556 2426 vires
580 2364 704 2445 orbique
727 2367 838 2426 iacenti

98 2471 155 2532 quo
178 2460 280 2532 poscat
303 2453 351 2514 dic
374 2453 445 2514 orbe
469 2461 565 2533 caput.
611 2471 827 2533 quemcumque
850 2454 963 2514 creavit

98 2561 151 2602 axe
173 2560 240 2602 meo
263 2550 379 2624 natum,
402 2543 559 2603 confestim
583 2543 671 2621 fregit
693 2545 724 2603 in
747 2542 798 2602 illo

97 2632 216 2710 imperii
238 2631 355 2692 fortuna
378 2639 466 2692 rotas.
512 2631 582 2692 hinc
605 2631 751 2691 Vandalus
773 2632 867 2690 hostis

99 2726 186 2798 urget
207 2726 238 2781 et
260 2722 291 2780 in
314 2727 451 2781 nostrum
473 2738 632 2781 numerosa
655 2718 748 2780 classe
773 2721 929 2800 quotannis

50 2823 75 2873 ,ο
96 2808 205 2870 militat
226 2809 391 2891 excidium,
415 2827 616 2888 conversoque
640 2808 744 2870 ordine
768 2809 821 2869 fati

97 2897 210 2959 torrida
234 2897 398 2959 Caucaseos
421 2899 512 2958 infert
534 2897 609 2957 mibi
631 2897 723 2978 Byrsa
747 2898 872 2958 furores.

98 2992 253 3065 praeterea
275 2989 402 3047 invictus
424 2987 569 3068 llicimm,
594 3005 683 3066 quem
704 2986 823 3065 publica
846 2987 904 3047 fata

99 3077 278 3156 respiciunt,
301 3077 423 3156 proprio
447 3074 527 3136 solus
553 3077 600 3135 vix
623 3075 715 3136 Marte
740 3074 858 3155 repellit

97 3166 224 3243 piratam
246 3183 301 3244 per
324 3182 393 3225 rura
416 3183 535 3245 vagum,
559 3166 611 3243 qui
633 3164 745 3244 proelia
769 3167 864 3225 vitans

50 3255 242 3315 invictorum
265 3253 406 3333 fugitivus
430 3256 498 3332 agit.
544 3256 611 3333 quis
635 3254 756 3314 sufferat
778 3254 910 3336 bostem,

80 3465 131 3515 82⁷
151 3458 228 3515 senio
247 3477 316 3517 corr.
335 3462 367 3515 iu
390 3459 474 3530 genio
496 3478 532 3518 m.
547 3477 592 3532 pr.
611 3461 644 3516 iu
666 3460 803 3517 Vuliccuo
823 3464 915 3528 34213
939 3457 1030 3527 gcn'xo

50 3529 148 3600 erup
162 3537 406 3602 329quocumque
426 3532 459 3588 F
466 3535 477 3607 ss
