<?xml version="1.0" encoding="UTF-8"?>
<!DOCTYPE html PUBLIC "-//W3C//DTD XHTML 1.0 Transitional//EN"
    "http://www.w3.org/TR/xhtml1/DTD/xhtml1-transitional.dtd">
<html xmlns="http://www.w3.org/1999/xhtml" xml:lang="en" lang="en">
 <head>
  <title>
</title>
<meta http-equiv="Content-Type" content="text/html;charset=utf-8" />
  <meta name='ocr-system' content='tesseract 3.04.00' />
  <meta name='ocr-capabilities' content='ocr_page ocr_carea ocr_par ocr_line ocrx_word'/>
</head>
<body>
  <div class='ocr_page' id='page_1' title='image "./csolliusapollin00apolgoog_0342.png"; bbox 0 0 2414 3864; ppageno 0'>
   <div class='ocr_carea' id='block_1_1' title="bbox 412 119 642 175">
    <p class='ocr_par' dir='ltr' id='par_1_1' title="bbox 412 119 642 175">
     <span class='ocr_line' id='line_1_1' title="bbox 412 119 642 175; baseline -0.009 0"><span class='ocrx_word' id='word_1_1' title='bbox 412 119 565 175; x_wconf 81' lang='lat' dir='ltr'><strong>CARMEN</strong></span> <span class='ocrx_word' id='word_1_2' title='bbox 583 120 642 174; x_wconf 89' lang='lat' dir='ltr'><strong>Vll.</strong></span> 
     </span>
    </p>
   </div>
   <div class='ocr_carea' id='block_1_2' title="bbox 64 263 1039 3286">
    <p class='ocr_par' dir='ltr' id='par_1_2' title="bbox 104 263 918 618">
     <span class='ocr_line' id='line_1_2' title="bbox 104 263 863 350; baseline -0.003 -18"><span class='ocrx_word' id='word_1_3' title='bbox 104 275 166 333; x_wconf 88' lang='lat' dir='ltr'><strong>iam</strong></span> <span class='ocrx_word' id='word_1_4' title='bbox 188 270 316 350; x_wconf 87' lang='lat' dir='ltr'><strong>pallente</strong></span> <span class='ocrx_word' id='word_1_5' title='bbox 340 263 389 330; x_wconf 88' lang='lat' dir='ltr'><strong>die</strong></span> <span class='ocrx_word' id='word_1_6' title='bbox 413 270 609 350; x_wconf 82' lang='lat' dir='ltr'><strong>flagrantique</strong></span> <span class='ocrx_word' id='word_1_7' title='bbox 633 273 728 333; x_wconf 81' lang='lat' dir='ltr'><strong>excita</strong></span> <span class='ocrx_word' id='word_1_8' title='bbox 752 271 863 332; x_wconf 88' lang='lat' dir='ltr'><strong>mundo</strong></span> 
     </span>
     <span class='ocr_line' id='line_1_3' title="bbox 106 360 918 440; baseline -0.001 -19"><span class='ocrx_word' id='word_1_9' title='bbox 106 380 163 440; x_wconf 83' lang='lat' dir='ltr'><strong>pax</strong></span> <span class='ocrx_word' id='word_1_10' title='bbox 187 360 402 421; x_wconf 90' lang='lat' dir='ltr'><strong>elementorum</strong></span> <span class='ocrx_word' id='word_1_11' title='bbox 425 360 538 420; x_wconf 81' lang='lat' dir='ltr'><strong>fureret</strong></span> <span class='ocrx_word' id='word_1_12' title='bbox 560 360 606 420; x_wconf 86' lang='lat' dir='ltr'><strong>vel</strong></span> <span class='ocrx_word' id='word_1_13' title='bbox 630 362 708 421; x_wconf 87' lang='lat' dir='ltr'><strong>sicca</strong></span> <span class='ocrx_word' id='word_1_14' title='bbox 731 363 918 440; x_wconf 89' lang='lat' dir='ltr'><strong>propinquus</strong></span> 
     </span>
     <span class='ocr_line' id='line_1_4' title="bbox 107 449 844 528; baseline -0.001 -17"><span class='ocrx_word' id='word_1_15' title='bbox 107 452 235 511; x_wconf 90' lang='lat' dir='ltr'><strong>saeviret</strong></span> <span class='ocrx_word' id='word_1_16' title='bbox 256 468 311 528; x_wconf 90' lang='lat' dir='ltr'><strong>per</strong></span> <span class='ocrx_word' id='word_1_17' title='bbox 334 456 437 527; x_wconf 81' lang='lat' dir='ltr'><strong>stagna</strong></span> <span class='ocrx_word' id='word_1_18' title='bbox 460 467 550 527; x_wconf 88' lang='lat' dir='ltr'><strong>vapor</strong></span> <span class='ocrx_word' id='word_1_19' title='bbox 574 449 721 528; x_wconf 90' lang='lat' dir='ltr'><strong>limusque</strong></span> <span class='ocrx_word' id='word_1_20' title='bbox 745 452 844 510; x_wconf 88' lang='lat' dir='ltr'><strong>sitiret</strong></span> 
     </span>
     <span class='ocr_line' id='line_1_5' title="bbox 107 537 822 618; baseline -0.003 -18"><span class='ocrx_word' id='word_1_21' title='bbox 107 539 249 618; x_wconf 86' lang='lat' dir='ltr'><strong>pulvereo</strong></span> <span class='ocrx_word' id='word_1_22' title='bbox 272 540 356 618; x_wconf 86' lang='lat' dir='ltr'><strong>ponti</strong></span> <span class='ocrx_word' id='word_1_23' title='bbox 379 537 480 617; x_wconf 83' lang='lat' dir='ltr'><strong>tundo,</strong></span> <span class='ocrx_word' id='word_1_24' title='bbox 503 546 575 599; x_wconf 85' lang='lat' dir='ltr'><strong>tunc</strong></span> <span class='ocrx_word' id='word_1_25' title='bbox 598 540 687 599; x_wconf 89' lang='lat' dir='ltr'><strong>unica</strong></span> <span class='ocrx_word' id='word_1_26' title='bbox 709 537 822 599; x_wconf 80' lang='lat' dir='ltr'>Phoebi</span> 
     </span>
    </p>

    <p class='ocr_par' dir='ltr' id='par_1_3' title="bbox 64 626 865 689">
     <span class='ocr_line' id='line_1_6' title="bbox 64 626 865 689; baseline 0.005 -6"><span class='ocrx_word' id='word_1_27' title='bbox 64 634 84 683; x_wconf 89' lang='grc' dir='ltr'>ο</span> <span class='ocrx_word' id='word_1_28' title='bbox 108 630 260 689; x_wconf 89' lang='lat' dir='ltr'><strong>insuetum</strong></span> <span class='ocrx_word' id='word_1_29' title='bbox 283 626 414 688; x_wconf 90' lang='lat' dir='ltr'><strong>clemens</strong></span> <span class='ocrx_word' id='word_1_30' title='bbox 438 629 565 687; x_wconf 82' lang='lat' dir='ltr'><strong>extinxit</strong></span> <span class='ocrx_word' id='word_1_31' title='bbox 588 626 706 687; x_wconf 82' lang='lat' dir='ltr'><strong>flamma</strong></span> <span class='ocrx_word' id='word_1_32' title='bbox 729 627 865 688; x_wconf 91' lang='lat' dir='ltr'><strong>calorem.</strong></span> 
     </span>
    </p>

    <p class='ocr_par' dir='ltr' id='par_1_4' title="bbox 108 715 1008 1066">
     <span class='ocr_line' id='line_1_7' title="bbox 152 715 982 798; baseline 0.001 -22"><span class='ocrx_word' id='word_1_33' title='bbox 152 716 208 777; x_wconf 89' lang='lat' dir='ltr'><strong>llic</strong></span> <span class='ocrx_word' id='word_1_34' title='bbox 232 715 340 795; x_wconf 88' lang='lat' dir='ltr'><strong>aliquis</strong></span> <span class='ocrx_word' id='word_1_35' title='bbox 362 722 426 776; x_wconf 86' lang='lat' dir='ltr'><strong>tum</strong></span> <span class='ocrx_word' id='word_1_36' title='bbox 449 716 526 775; x_wconf 83' lang='lat' dir='ltr'><strong>forte</strong></span> <span class='ocrx_word' id='word_1_37' title='bbox 551 715 648 798; x_wconf 79' lang='lat' dir='ltr'><strong>Getes,</strong></span> <span class='ocrx_word' id='word_1_38' title='bbox 672 716 744 777; x_wconf 91' lang='lat' dir='ltr'><strong>dum</strong></span> <span class='ocrx_word' id='word_1_39' title='bbox 766 715 840 777; x_wconf 85' lang='lat' dir='ltr'><strong>ialce</strong></span> <span class='ocrx_word' id='word_1_40' title='bbox 864 723 982 777; x_wconf 91' lang='lat' dir='ltr'><strong>recocta</strong></span> 
     </span>
     <span class='ocr_line' id='line_1_8' title="bbox 108 805 858 888; baseline 0 -22"><span class='ocrx_word' id='word_1_41' title='bbox 108 805 219 866; x_wconf 88' lang='lat' dir='ltr'><strong>ictibus</strong></span> <span class='ocrx_word' id='word_1_42' title='bbox 241 805 381 865; x_wconf 82' lang='lat' dir='ltr'><strong>informat</strong></span> <span class='ocrx_word' id='word_1_43' title='bbox 405 823 534 884; x_wconf 85' lang='lat' dir='ltr'><strong>saxoque</strong></span> <span class='ocrx_word' id='word_1_44' title='bbox 558 808 725 866; x_wconf 80' lang='lat' dir='ltr'>cacuminat</span> <span class='ocrx_word' id='word_1_45' title='bbox 747 824 858 888; x_wconf 82' lang='lat' dir='ltr'>ensem,</span> 
     </span>
     <span class='ocr_line' id='line_1_9' title="bbox 109 893 1008 975; baseline 0 -21"><span class='ocrx_word' id='word_1_46' title='bbox 109 897 168 954; x_wconf 93' lang='lat' dir='ltr'><strong>iam</strong></span> <span class='ocrx_word' id='word_1_47' title='bbox 191 901 346 974; x_wconf 89' lang='lat' dir='ltr'><strong>promptus</strong></span> <span class='ocrx_word' id='word_1_48' title='bbox 370 893 496 954; x_wconf 90' lang='lat' dir='ltr'><strong>caluisse</strong></span> <span class='ocrx_word' id='word_1_49' title='bbox 520 893 610 975; x_wconf 81' lang='lat' dir='ltr'><strong>tubis,</strong></span> <span class='ocrx_word' id='word_1_50' title='bbox 633 897 692 954; x_wconf 92' lang='lat' dir='ltr'><strong>iam</strong></span> <span class='ocrx_word' id='word_1_51' title='bbox 715 897 833 975; x_wconf 88' lang='lat' dir='ltr'><strong>iamque</strong></span> <span class='ocrx_word' id='word_1_52' title='bbox 857 896 1008 974; x_wconf 82' lang='lat' dir='ltr'><strong>frequenti</strong></span> 
     </span>
     <span class='ocr_line' id='line_1_10' title="bbox 109 983 938 1066; baseline 0.002 -23"><span class='ocrx_word' id='word_1_53' title='bbox 109 983 200 1044; x_wconf 90' lang='lat' dir='ltr'><strong>caede</strong></span> <span class='ocrx_word' id='word_1_54' title='bbox 224 983 394 1062; x_wconf 89' lang='lat' dir='ltr'><strong>sepulturus</strong></span> <span class='ocrx_word' id='word_1_55' title='bbox 417 989 529 1043; x_wconf 91' lang='lat' dir='ltr'><strong>terram</strong></span> <span class='ocrx_word' id='word_1_56' title='bbox 552 1001 612 1043; x_wconf 89' lang='lat' dir='ltr'><strong>non</strong></span> <span class='ocrx_word' id='word_1_57' title='bbox 634 983 728 1045; x_wconf 88' lang='lat' dir='ltr'><strong>hoste</strong></span> <span class='ocrx_word' id='word_1_58' title='bbox 745 983 870 1066; x_wconf 82' lang='lat' dir='ltr'><strong>sepulto,</strong></span> <span class='ocrx_word' id='word_1_59' title='bbox 936 1002 938 1006; x_wconf 79' lang='grc'><strong>’</strong></span> 
     </span>
    </p>

    <p class='ocr_par' dir='ltr' id='par_1_5' title="bbox 64 1071 1005 1510">
     <span class='ocr_line' id='line_1_11' title="bbox 64 1071 836 1155; baseline 0.006 -25"><span class='ocrx_word' id='word_1_60' title='bbox 64 1077 91 1130; x_wconf 75' lang='lat'><strong>15</strong></span> <span class='ocrx_word' id='word_1_61' title='bbox 111 1071 219 1133; x_wconf 86' lang='lat' dir='ltr'><strong>claruit</strong></span> <span class='ocrx_word' id='word_1_62' title='bbox 239 1079 274 1134; x_wconf 94' lang='lat' dir='ltr'><strong>ut</strong></span> <span class='ocrx_word' id='word_1_63' title='bbox 295 1074 426 1151; x_wconf 93' lang='lat' dir='ltr'><strong>primum</strong></span> <span class='ocrx_word' id='word_1_64' title='bbox 448 1090 557 1132; x_wconf 91' lang='lat' dir='ltr'><strong>nomen</strong></span> <span class='ocrx_word' id='word_1_65' title='bbox 580 1074 727 1133; x_wconf 87' lang='lat' dir='ltr'><strong>venientis</strong></span> <span class='ocrx_word' id='word_1_66' title='bbox 750 1073 836 1155; x_wconf 75' lang='lat' dir='ltr'><strong>Aviti,</strong></span> 
     </span>
     <span class='ocr_line' id='line_1_12' title="bbox 112 1157 883 1240; baseline 0.004 -20"><span class='ocrx_word' id='word_1_67' title='bbox 112 1160 268 1222; x_wconf 83' lang='lat' dir='ltr'><strong>exclamat:</strong></span> <span class='ocrx_word' id='word_1_68' title='bbox 292 1157 394 1240; x_wconf 76' lang='lat' dir='ltr'><strong>‘periit</strong></span> <span class='ocrx_word' id='word_1_69' title='bbox 416 1160 535 1240; x_wconf 84' lang='lat' dir='ltr'><strong>bellum,</strong></span> <span class='ocrx_word' id='word_1_70' title='bbox 559 1161 626 1221; x_wconf 88' lang='lat' dir='ltr'><strong>date</strong></span> <span class='ocrx_word' id='word_1_71' title='bbox 649 1180 755 1222; x_wconf 89' lang='lat' dir='ltr'><strong>rursus</strong></span> <span class='ocrx_word' id='word_1_72' title='bbox 779 1170 883 1223; x_wconf 91' lang='lat' dir='ltr'><strong>aratra.</strong></span> 
     </span>
     <span class='ocr_line' id='line_1_13' title="bbox 112 1250 832 1332; baseline 0.003 -23"><span class='ocrx_word' id='word_1_73' title='bbox 112 1252 171 1310; x_wconf 89' lang='lat' dir='ltr'><strong>otia</strong></span> <span class='ocrx_word' id='word_1_74' title='bbox 195 1253 222 1310; x_wconf 88' lang='lat' dir='ltr'><strong>si</strong></span> <span class='ocrx_word' id='word_1_75' title='bbox 244 1250 356 1329; x_wconf 92' lang='lat' dir='ltr'><strong>replico</strong></span> <span class='ocrx_word' id='word_1_76' title='bbox 380 1251 496 1329; x_wconf 90' lang='lat' dir='ltr'><strong>priscae</strong></span> <span class='ocrx_word' id='word_1_77' title='bbox 519 1250 596 1310; x_wconf 91' lang='lat' dir='ltr'><strong>bene</strong></span> <span class='ocrx_word' id='word_1_78' title='bbox 620 1257 689 1311; x_wconf 90' lang='lat' dir='ltr'><strong>nota</strong></span> <span class='ocrx_word' id='word_1_79' title='bbox 713 1253 832 1332; x_wconf 79' lang='lat' dir='ltr'><strong>quietis,</strong></span> 
     </span>
     <span class='ocr_line' id='line_1_14' title="bbox 110 1338 1005 1419; baseline 0.001 -20"><span class='ocrx_word' id='word_1_80' title='bbox 110 1357 172 1399; x_wconf 91' lang='lat' dir='ltr'><strong>non</strong></span> <span class='ocrx_word' id='word_1_81' title='bbox 195 1339 288 1400; x_wconf 89' lang='lat' dir='ltr'><strong>semel</strong></span> <span class='ocrx_word' id='word_1_82' title='bbox 311 1341 368 1399; x_wconf 89' lang='lat' dir='ltr'><strong>iste</strong></span> <span class='ocrx_word' id='word_1_83' title='bbox 392 1339 466 1399; x_wconf 87' lang='lat' dir='ltr'><strong>mihi</strong></span> <span class='ocrx_word' id='word_1_84' title='bbox 489 1340 601 1399; x_wconf 84' lang='lat' dir='ltr'><strong>serrum</strong></span> <span class='ocrx_word' id='word_1_85' title='bbox 624 1339 701 1400; x_wconf 87' lang='lat' dir='ltr'><strong>tulit.</strong></span> <span class='ocrx_word' id='word_1_86' title='bbox 747 1359 764 1400; x_wconf 91' lang='lat' dir='ltr'>o</span> <span class='ocrx_word' id='word_1_87' title='bbox 787 1338 895 1419; x_wconf 86' lang='lat' dir='ltr'><strong>pudor!</strong></span> <span class='ocrx_word' id='word_1_88' title='bbox 920 1359 937 1400; x_wconf 91' lang='grc' dir='ltr'>ο</span> <span class='ocrx_word' id='word_1_89' title='bbox 961 1338 1005 1401; x_wconf 84' lang='lat' dir='ltr'><strong>di!</strong></span> 
     </span>
     <span class='ocr_line' id='line_1_15' title="bbox 110 1426 957 1510; baseline 0.002 -23"><span class='ocrx_word' id='word_1_90' title='bbox 110 1434 225 1491; x_wconf 88' lang='lat' dir='ltr'><strong>tantum</strong></span> <span class='ocrx_word' id='word_1_91' title='bbox 248 1446 336 1508; x_wconf 90' lang='lat' dir='ltr'><strong>posse</strong></span> <span class='ocrx_word' id='word_1_92' title='bbox 360 1426 461 1488; x_wconf 79' lang='lat' dir='ltr'><strong>tidem!</strong></span> <span class='ocrx_word' id='word_1_93' title='bbox 486 1428 557 1506; x_wconf 89' lang='lat' dir='ltr'><strong>quid</strong></span> <span class='ocrx_word' id='word_1_94' title='bbox 580 1428 700 1489; x_wconf 82' lang='lat' dir='ltr'><strong>foedera</strong></span> <span class='ocrx_word' id='word_1_95' title='bbox 722 1429 801 1489; x_wconf 86' lang='lat' dir='ltr'><strong>lenta</strong></span> <span class='ocrx_word' id='word_1_96' title='bbox 824 1431 957 1510; x_wconf 77' lang='lat' dir='ltr'><strong>minariS,</strong></span> 
     </span>
    </p>

    <p class='ocr_par' dir='ltr' id='par_1_6' title="bbox 65 1515 956 1953">
     <span class='ocr_line' id='line_1_16' title="bbox 65 1515 935 1597; baseline 0.003 -22"><span class='ocrx_word' id='word_1_97' title='bbox 65 1526 96 1576; x_wconf 78' lang='lat' dir='ltr'><strong>tc</strong></span> <span class='ocrx_word' id='word_1_98' title='bbox 116 1519 147 1577; x_wconf 88' lang='lat' dir='ltr'><strong>in</strong></span> <span class='ocrx_word' id='word_1_99' title='bbox 171 1517 311 1578; x_wconf 90' lang='lat' dir='ltr'><strong>damnum</strong></span> <span class='ocrx_word' id='word_1_100' title='bbox 335 1517 408 1577; x_wconf 90' lang='lat' dir='ltr'><strong>mihi</strong></span> <span class='ocrx_word' id='word_1_101' title='bbox 430 1516 488 1576; x_wconf 85' lang='lat' dir='ltr'><strong>fide</strong></span> <span class='ocrx_word' id='word_1_102' title='bbox 511 1515 633 1578; x_wconf 78' lang='lat' dir='ltr'><strong>meum?</strong></span> <span class='ocrx_word' id='word_1_103' title='bbox 657 1518 830 1597; x_wconf 89' lang='lat' dir='ltr'><strong>compendia</strong></span> <span class='ocrx_word' id='word_1_104' title='bbox 853 1520 935 1597; x_wconf 82' lang='lat' dir='ltr'><strong>pacis</strong></span> 
     </span>
     <span class='ocr_line' id='line_1_17' title="bbox 112 1605 956 1685; baseline 0.002 -19"><span class='ocrx_word' id='word_1_105' title='bbox 112 1614 142 1666; x_wconf 90' lang='lat' dir='ltr'><strong>et</strong></span> <span class='ocrx_word' id='word_1_106' title='bbox 163 1614 316 1685; x_wconf 91' lang='lat' dir='ltr'><strong>praestare</strong></span> <span class='ocrx_word' id='word_1_107' title='bbox 340 1605 425 1666; x_wconf 90' lang='lat' dir='ltr'><strong>iubes</strong></span> <span class='ocrx_word' id='word_1_108' title='bbox 448 1624 503 1666; x_wconf 89' lang='lat' dir='ltr'><strong>ncs</strong></span> <span class='ocrx_word' id='word_1_109' title='bbox 527 1613 557 1666; x_wconf 92' lang='lat' dir='ltr'><strong>et</strong></span> <span class='ocrx_word' id='word_1_110' title='bbox 580 1607 702 1668; x_wconf 91' lang='lat' dir='ltr'><strong>debere:</strong></span> <span class='ocrx_word' id='word_1_111' title='bbox 726 1609 793 1685; x_wconf 89' lang='lat' dir='ltr'><strong>quis</strong></span> <span class='ocrx_word' id='word_1_112' title='bbox 816 1625 956 1685; x_wconf 89' lang='lat' dir='ltr'><strong>umquam</strong></span> 
     </span>
     <span class='ocr_line' id='line_1_18' title="bbox 113 1692 866 1777; baseline 0.001 -22"><span class='ocrx_word' id='word_1_113' title='bbox 113 1692 272 1756; x_wconf 82' lang='lat' dir='ltr'><strong>crederet?</strong></span> <span class='ocrx_word' id='word_1_114' title='bbox 296 1713 334 1756; x_wconf 92' lang='lat' dir='ltr'><strong>en</strong></span> <span class='ocrx_word' id='word_1_115' title='bbox 356 1695 453 1755; x_wconf 86' lang='lat' dir='ltr'><strong>Getici</strong></span> <span class='ocrx_word' id='word_1_116' title='bbox 476 1713 572 1777; x_wconf 80' lang='lat' dir='ltr'><strong>reges,</strong></span> <span class='ocrx_word' id='word_1_117' title='bbox 594 1714 700 1774; x_wconf 93' lang='lat' dir='ltr'><strong>parere</strong></span> <span class='ocrx_word' id='word_1_118' title='bbox 723 1695 866 1777; x_wconf 86' lang='lat' dir='ltr'><strong>volentes,</strong></span> 
     </span>
     <span class='ocr_line' id='line_1_19' title="bbox 113 1784 886 1863; baseline 0.001 -20"><span class='ocrx_word' id='word_1_119' title='bbox 113 1785 238 1846; x_wconf 82' lang='lat' dir='ltr'><strong>interius</strong></span> <span class='ocrx_word' id='word_1_120' title='bbox 262 1802 403 1863; x_wconf 80' lang='lat' dir='ltr'><strong>regnasse</strong></span> <span class='ocrx_word' id='word_1_121' title='bbox 426 1790 538 1863; x_wconf 86' lang='lat' dir='ltr'><strong>putant.</strong></span> <span class='ocrx_word' id='word_1_122' title='bbox 585 1803 640 1845; x_wconf 88' lang='lat' dir='ltr'><strong>nec</strong></span> <span class='ocrx_word' id='word_1_123' title='bbox 664 1784 764 1846; x_wconf 81' lang='lat' dir='ltr'><strong>dicere</strong></span> <span class='ocrx_word' id='word_1_124' title='bbox 788 1785 886 1851; x_wconf 90' lang='lat' dir='ltr'><strong>saltim</strong></span> 
     </span>
     <span class='ocr_line' id='line_1_20' title="bbox 113 1872 842 1953; baseline 0.004 -21"><span class='ocrx_word' id='word_1_125' title='bbox 113 1872 247 1934; x_wconf 85' lang='lat' dir='ltr'><strong>desidiae</strong></span> <span class='ocrx_word' id='word_1_126' title='bbox 271 1873 393 1934; x_wconf 85' lang='lat' dir='ltr'><strong>obtentu</strong></span> <span class='ocrx_word' id='word_1_127' title='bbox 416 1891 539 1952; x_wconf 87' lang='lat' dir='ltr'><strong>possum</strong></span> <span class='ocrx_word' id='word_1_128' title='bbox 562 1881 590 1934; x_wconf 91' lang='lat' dir='ltr'><strong>te</strong></span> <span class='ocrx_word' id='word_1_129' title='bbox 614 1873 727 1953; x_wconf 89' lang='lat' dir='ltr'><strong>proelia</strong></span> <span class='ocrx_word' id='word_1_130' title='bbox 750 1873 842 1935; x_wconf 91' lang='lat' dir='ltr'><strong>nolle:</strong></span> 
     </span>
    </p>

    <p class='ocr_par' dir='ltr' id='par_1_7' title="bbox 64 1962 1039 2400">
     <span class='ocr_line' id='line_1_21' title="bbox 64 1962 936 2045; baseline 0.003 -24"><span class='ocrx_word' id='word_1_131' title='bbox 64 1973 93 2021; x_wconf 75' lang='lat'><strong>25</strong></span> <span class='ocrx_word' id='word_1_132' title='bbox 112 1979 217 2040; x_wconf 90' lang='lat' dir='ltr'><strong>pacem</strong></span> <span class='ocrx_word' id='word_1_133' title='bbox 240 1962 325 2022; x_wconf 85' lang='lat' dir='ltr'><strong>fortis</strong></span> <span class='ocrx_word' id='word_1_134' title='bbox 350 1980 438 2022; x_wconf 89' lang='lat' dir='ltr'><strong>amas.</strong></span> <span class='ocrx_word' id='word_1_135' title='bbox 484 1965 543 2022; x_wconf 93' lang='lat' dir='ltr'><strong>iam</strong></span> <span class='ocrx_word' id='word_1_136' title='bbox 565 1969 666 2041; x_wconf 89' lang='lat' dir='ltr'><strong>partes</strong></span> <span class='ocrx_word' id='word_1_137' title='bbox 690 1965 797 2024; x_wconf 90' lang='lat' dir='ltr'><strong>sternit</strong></span> <span class='ocrx_word' id='word_1_138' title='bbox 819 1964 936 2045; x_wconf 79' lang='lat' dir='ltr'><strong>Avitus3</strong></span> 
     </span>
     <span class='ocr_line' id='line_1_22' title="bbox 112 2050 873 2130; baseline 0.004 -20"><span class='ocrx_word' id='word_1_139' title='bbox 112 2052 236 2130; x_wconf 88' lang='lat' dir='ltr'><strong>insuper</strong></span> <span class='ocrx_word' id='word_1_140' title='bbox 259 2058 289 2111; x_wconf 90' lang='lat' dir='ltr'><strong>et</strong></span> <span class='ocrx_word' id='word_1_141' title='bbox 312 2050 429 2112; x_wconf 86' lang='lat' dir='ltr'><strong>Geticas</strong></span> <span class='ocrx_word' id='word_1_142' title='bbox 452 2054 635 2130; x_wconf 88' lang='lat' dir='ltr'><strong>praemissus</strong></span> <span class='ocrx_word' id='word_1_143' title='bbox 659 2055 791 2113; x_wconf 89' lang='lat' dir='ltr'><strong>continet</strong></span> <span class='ocrx_word' id='word_1_144' title='bbox 813 2055 873 2113; x_wconf 90' lang='lat' dir='ltr'><strong>iras</strong></span> 
     </span>
     <span class='ocr_line' id='line_1_23' title="bbox 111 2138 912 2221; baseline 0.005 -23"><span class='ocrx_word' id='word_1_145' title='bbox 111 2138 290 2221; x_wconf 82' lang='lat' dir='ltr'><strong>Messianns3</strong></span> <span class='ocrx_word' id='word_1_146' title='bbox 314 2139 408 2200; x_wconf 88' lang='lat' dir='ltr'><strong>adhuc</strong></span> <span class='ocrx_word' id='word_1_147' title='bbox 432 2140 587 2220; x_wconf 85' lang='lat' dir='ltr'><strong>mandasti,</strong></span> <span class='ocrx_word' id='word_1_148' title='bbox 610 2148 640 2200; x_wconf 91' lang='lat' dir='ltr'><strong>et</strong></span> <span class='ocrx_word' id='word_1_149' title='bbox 662 2144 800 2220; x_wconf 90' lang='lat' dir='ltr'><strong>ponimus</strong></span> <span class='ocrx_word' id='word_1_150' title='bbox 823 2160 912 2202; x_wconf 90' lang='lat' dir='ltr'><strong>arma.</strong></span> 
     </span>
     <span class='ocr_line' id='line_1_24' title="bbox 113 2226 1039 2313; baseline 0.003 -25"><span class='ocrx_word' id='word_1_151' title='bbox 113 2228 185 2306; x_wconf 88' lang='lat' dir='ltr'><strong>quid</strong></span> <span class='ocrx_word' id='word_1_152' title='bbox 198 2236 300 2310; x_wconf 87' lang='lat' dir='ltr'><strong>restat,</strong></span> <span class='ocrx_word' id='word_1_153' title='bbox 318 2228 396 2307; x_wconf 88' lang='lat' dir='ltr'><strong>quod</strong></span> <span class='ocrx_word' id='word_1_154' title='bbox 416 2248 504 2308; x_wconf 86' lang='lat' dir='ltr'><strong>posse</strong></span> <span class='ocrx_word' id='word_1_155' title='bbox 523 2226 617 2290; x_wconf 80' lang='lat' dir='ltr'><strong>velis?</strong></span> <span class='ocrx_word' id='word_1_156' title='bbox 641 2231 720 2308; x_wconf 88' lang='lat' dir='ltr'><strong>quod</strong></span> <span class='ocrx_word' id='word_1_157' title='bbox 735 2249 794 2291; x_wconf 89' lang='lat' dir='ltr'><strong>non</strong></span> <span class='ocrx_word' id='word_1_158' title='bbox 809 2249 912 2291; x_wconf 88' lang='lat' dir='ltr'><strong>sumus</strong></span> <span class='ocrx_word' id='word_1_159' title='bbox 926 2231 1039 2313; x_wconf 79' lang='lat' dir='ltr'><strong>hostes,</strong></span> 
     </span>
     <span class='ocr_line' id='line_1_25' title="bbox 112 2319 952 2400; baseline 0.002 -24"><span class='ocrx_word' id='word_1_160' title='bbox 112 2335 203 2395; x_wconf 90' lang='lat' dir='ltr'><strong>parva</strong></span> <span class='ocrx_word' id='word_1_161' title='bbox 225 2336 307 2399; x_wconf 79' lang='lat' dir='ltr'><strong>re0r3</strong></span> <span class='ocrx_word' id='word_1_162' title='bbox 330 2320 429 2397; x_wconf 88' lang='lat' dir='ltr'><strong>prisco</strong></span> <span class='ocrx_word' id='word_1_163' title='bbox 452 2325 486 2378; x_wconf 93' lang='lat' dir='ltr'><strong>tu</strong></span> <span class='ocrx_word' id='word_1_164' title='bbox 509 2320 535 2378; x_wconf 91' lang='lat' dir='ltr'><strong>si</strong></span> <span class='ocrx_word' id='word_1_165' title='bbox 557 2319 631 2379; x_wconf 88' lang='lat' dir='ltr'><strong>mihi</strong></span> <span class='ocrx_word' id='word_1_166' title='bbox 653 2327 741 2380; x_wconf 85' lang='lat' dir='ltr'><strong>notus</strong></span> <span class='ocrx_word' id='word_1_167' title='bbox 764 2321 796 2379; x_wconf 92' lang='lat' dir='ltr'><strong>in</strong></span> <span class='ocrx_word' id='word_1_168' title='bbox 819 2326 887 2380; x_wconf 90' lang='lat' dir='ltr'><strong>actu</strong></span> <span class='ocrx_word' id='word_1_169' title='bbox 910 2337 952 2400; x_wconf 78' lang='lat' dir='ltr'><strong>es,</strong></span> 
     </span>
    </p>

    <p class='ocr_par' dir='ltr' id='par_1_8' title="bbox 64 2403 788 2486">
     <span class='ocr_line' id='line_1_26' title="bbox 64 2403 788 2486; baseline 0 -19"><span class='ocrx_word' id='word_1_170' title='bbox 64 2418 95 2467; x_wconf 82' lang='lat'><strong>30</strong></span> <span class='ocrx_word' id='word_1_171' title='bbox 113 2405 265 2467; x_wconf 82' lang='lat' dir='ltr'><strong>auxiliaris</strong></span> <span class='ocrx_word' id='word_1_172' title='bbox 289 2426 353 2467; x_wconf 87' lang='lat' dir='ltr'><strong>ero:</strong></span> <span class='ocrx_word' id='word_1_173' title='bbox 376 2406 423 2466; x_wconf 88' lang='lat' dir='ltr'><strong>vel</strong></span> <span class='ocrx_word' id='word_1_174' title='bbox 447 2409 490 2468; x_wconf 87' lang='lat' dir='ltr'><strong>sic</strong></span> <span class='ocrx_word' id='word_1_175' title='bbox 513 2426 644 2486; x_wconf 82' lang='lat' dir='ltr'><strong>pugnare</strong></span> <span class='ocrx_word' id='word_1_176' title='bbox 667 2403 788 2468; x_wconf 90' lang='lat' dir='ltr'><strong>licebit&#39;</strong></span> 
     </span>
    </p>

    <p class='ocr_par' dir='ltr' id='par_1_9' title="bbox 114 2495 1009 2842">
     <span class='ocr_line' id='line_1_27' title="bbox 159 2495 950 2577; baseline 0.003 -22"><span class='ocrx_word' id='word_1_177' title='bbox 159 2495 239 2556; x_wconf 92' lang='lat' dir='ltr'><strong>Haec</strong></span> <span class='ocrx_word' id='word_1_178' title='bbox 262 2514 363 2556; x_wconf 91' lang='lat' dir='ltr'><strong>secum</strong></span> <span class='ocrx_word' id='word_1_179' title='bbox 387 2496 483 2574; x_wconf 83' lang='lat' dir='ltr'><strong>rigido</strong></span> <span class='ocrx_word' id='word_1_180' title='bbox 507 2496 600 2556; x_wconf 88' lang='lat' dir='ltr'><strong>Vesus</strong></span> <span class='ocrx_word' id='word_1_181' title='bbox 624 2496 694 2556; x_wconf 91' lang='lat' dir='ltr'><strong>dum</strong></span> <span class='ocrx_word' id='word_1_182' title='bbox 718 2496 806 2556; x_wconf 90' lang='lat' dir='ltr'><strong>ccrde</strong></span> <span class='ocrx_word' id='word_1_183' title='bbox 830 2495 950 2577; x_wconf 75' lang='lat' dir='ltr'><strong>volutat,</strong></span> 
     </span>
     <span class='ocr_line' id='line_1_28' title="bbox 114 2586 1009 2664; baseline 0.003 -21"><span class='ocrx_word' id='word_1_184' title='bbox 114 2592 237 2645; x_wconf 81' lang='lat' dir='ltr'><strong>ventum</strong></span> <span class='ocrx_word' id='word_1_185' title='bbox 259 2586 291 2644; x_wconf 88' lang='lat' dir='ltr'><strong>in</strong></span> <span class='ocrx_word' id='word_1_186' title='bbox 314 2592 507 2664; x_wconf 89' lang='lat' dir='ltr'><strong>conspectum</strong></span> <span class='ocrx_word' id='word_1_187' title='bbox 529 2586 632 2645; x_wconf 84' lang='lat' dir='ltr'><strong>luerat.</strong></span> <span class='ocrx_word' id='word_1_188' title='bbox 679 2604 731 2645; x_wconf 82' lang='lat' dir='ltr'><strong>rex</strong></span> <span class='ocrx_word' id='word_1_189' title='bbox 755 2591 843 2663; x_wconf 90' lang='lat' dir='ltr'><strong>atque</strong></span> <span class='ocrx_word' id='word_1_190' title='bbox 866 2588 1009 2664; x_wconf 86' lang='lat' dir='ltr'><strong>magister</strong></span> 
     </span>
     <span class='ocr_line' id='line_1_29' title="bbox 114 2673 918 2754; baseline 0.001 -21"><span class='ocrx_word' id='word_1_191' title='bbox 114 2680 237 2752; x_wconf 92' lang='lat' dir='ltr'><strong>propter</strong></span> <span class='ocrx_word' id='word_1_192' title='bbox 261 2675 467 2754; x_wconf 88' lang='lat' dir='ltr'><strong>constiterant;</strong></span> <span class='ocrx_word' id='word_1_193' title='bbox 490 2674 538 2734; x_wconf 92' lang='lat' dir='ltr'><strong>hic</strong></span> <span class='ocrx_word' id='word_1_194' title='bbox 561 2673 644 2735; x_wconf 86' lang='lat' dir='ltr'><strong>vultu</strong></span> <span class='ocrx_word' id='word_1_195' title='bbox 667 2682 794 2754; x_wconf 79' lang='lat' dir='ltr'><strong>erectus,</strong></span> <span class='ocrx_word' id='word_1_196' title='bbox 817 2673 918 2734; x_wconf 86' lang='lat' dir='ltr'><strong>atille</strong></span> 
     </span>
     <span class='ocr_line' id='line_1_30' title="bbox 115 2762 867 2842; baseline 0.001 -20"><span class='ocrx_word' id='word_1_197' title='bbox 115 2762 227 2822; x_wconf 86' lang='lat' dir='ltr'><strong>laetitia</strong></span> <span class='ocrx_word' id='word_1_198' title='bbox 250 2762 369 2823; x_wconf 89' lang='lat' dir='ltr'><strong>erubuit</strong></span> <span class='ocrx_word' id='word_1_199' title='bbox 392 2765 567 2842; x_wconf 86' lang='lat' dir='ltr'><strong>veniamque</strong></span> <span class='ocrx_word' id='word_1_200' title='bbox 591 2762 700 2823; x_wconf 88' lang='lat' dir='ltr'><strong>rubore</strong></span> <span class='ocrx_word' id='word_1_201' title='bbox 723 2765 867 2842; x_wconf 89' lang='lat' dir='ltr'><strong>poposcit.</strong></span> 
     </span>
    </p>

    <p class='ocr_par' dir='ltr' id='par_1_10' title="bbox 64 2851 931 3286">
     <span class='ocr_line' id='line_1_31' title="bbox 64 2851 880 2933; baseline -0.002 -20"><span class='ocrx_word' id='word_1_202' title='bbox 64 2864 93 2914; x_wconf 77' lang='lat'><strong>35</strong></span> <span class='ocrx_word' id='word_1_203' title='bbox 116 2851 279 2931; x_wconf 85' lang='lat' dir='ltr'><strong>posthinc</strong></span> <span class='ocrx_word' id='word_1_204' title='bbox 303 2870 443 2930; x_wconf 82' lang='lat' dir='ltr'><strong>germano</strong></span> <span class='ocrx_word' id='word_1_205' title='bbox 467 2855 556 2933; x_wconf 78' lang='lat' dir='ltr'><strong>regie,</strong></span> <span class='ocrx_word' id='word_1_206' title='bbox 579 2852 649 2912; x_wconf 90' lang='lat' dir='ltr'><strong>hinc</strong></span> <span class='ocrx_word' id='word_1_207' title='bbox 672 2871 741 2930; x_wconf 85' lang='lat' dir='ltr'><strong>rege</strong></span> <span class='ocrx_word' id='word_1_208' title='bbox 765 2858 880 2912; x_wconf 87' lang='lat' dir='ltr'><strong>retento</strong></span> 
     </span>
     <span class='ocr_line' id='line_1_32' title="bbox 115 2939 920 3019; baseline 0.002 -19"><span class='ocrx_word' id='word_1_209' title='bbox 115 2939 275 3001; x_wconf 86' lang='lat' dir='ltr'><strong>Palladiam</strong></span> <span class='ocrx_word' id='word_1_210' title='bbox 298 2940 450 3019; x_wconf 89' lang='lat' dir='ltr'><strong>implicitis</strong></span> <span class='ocrx_word' id='word_1_211' title='bbox 473 2940 609 3001; x_wconf 87' lang='lat' dir='ltr'><strong>manibus</strong></span> <span class='ocrx_word' id='word_1_212' title='bbox 633 2940 752 3002; x_wconf 89' lang='lat' dir='ltr'><strong>subiere</strong></span> <span class='ocrx_word' id='word_1_213' title='bbox 776 2940 920 3002; x_wconf 84' lang='lat' dir='ltr'><strong>Tolosam.</strong></span> 
     </span>
     <span class='ocr_line' id='line_1_33' title="bbox 116 3029 847 3116; baseline 0.003 -28"><span class='ocrx_word' id='word_1_214' title='bbox 116 3029 195 3090; x_wconf 91' lang='lat' dir='ltr'><strong>haud</strong></span> <span class='ocrx_word' id='word_1_215' title='bbox 220 3047 306 3090; x_wconf 87' lang='lat' dir='ltr'><strong>secus</strong></span> <span class='ocrx_word' id='word_1_216' title='bbox 329 3032 450 3090; x_wconf 90' lang='lat' dir='ltr'><strong>insertis</strong></span> <span class='ocrx_word' id='word_1_217' title='bbox 474 3030 510 3089; x_wconf 95' lang='lat' dir='ltr'><strong>ad</strong></span> <span class='ocrx_word' id='word_1_218' title='bbox 533 3029 697 3108; x_wconf 88' lang='lat' dir='ltr'><strong>pulvinaria</strong></span> <span class='ocrx_word' id='word_1_219' title='bbox 719 3030 824 3110; x_wconf 90' lang='lat' dir='ltr'><strong>palmis</strong></span> <span class='ocrx_word' id='word_1_220' title='bbox 844 3107 847 3116; x_wconf 32' lang='grc' dir='ltr'>Ι</span> 
     </span>
     <span class='ocr_line' id='line_1_34' title="bbox 116 3117 876 3200; baseline 0.001 -22"><span class='ocrx_word' id='word_1_221' title='bbox 116 3117 261 3179; x_wconf 88' lang='lat' dir='ltr'><strong>Romulus</strong></span> <span class='ocrx_word' id='word_1_222' title='bbox 284 3126 314 3178; x_wconf 90' lang='lat' dir='ltr'><strong>et</strong></span> <span class='ocrx_word' id='word_1_223' title='bbox 337 3119 438 3179; x_wconf 89' lang='lat' dir='ltr'><strong>Tatius</strong></span> <span class='ocrx_word' id='word_1_224' title='bbox 461 3119 565 3179; x_wconf 84' lang='lat' dir='ltr'><strong>foedus</strong></span> <span class='ocrx_word' id='word_1_225' title='bbox 588 3121 696 3200; x_wconf 79' lang='lat' dir='ltr'><strong>iecere,</strong></span> <span class='ocrx_word' id='word_1_226' title='bbox 718 3126 876 3199; x_wconf 92' lang='lat' dir='ltr'><strong>parentum</strong></span> 
     </span>
     <span class='ocr_line' id='line_1_35' title="bbox 117 3207 931 3286; baseline 0.001 -18"><span class='ocrx_word' id='word_1_227' title='bbox 117 3225 187 3268; x_wconf 89' lang='lat' dir='ltr'><strong>cum</strong></span> <span class='ocrx_word' id='word_1_228' title='bbox 209 3207 289 3267; x_wconf 85' lang='lat' dir='ltr'><strong>ierrc</strong></span> <span class='ocrx_word' id='word_1_229' title='bbox 313 3214 342 3267; x_wconf 90' lang='lat' dir='ltr'><strong>et</strong></span> <span class='ocrx_word' id='word_1_230' title='bbox 365 3207 477 3267; x_wconf 90' lang='lat' dir='ltr'><strong>rabidis</strong></span> <span class='ocrx_word' id='word_1_231' title='bbox 500 3215 623 3286; x_wconf 82' lang='lat' dir='ltr'><strong>cognato</strong></span> <span class='ocrx_word' id='word_1_232' title='bbox 646 3211 678 3268; x_wconf 93' lang='lat' dir='ltr'><strong>in</strong></span> <span class='ocrx_word' id='word_1_233' title='bbox 701 3207 793 3269; x_wconf 89' lang='lat' dir='ltr'><strong>Marte</strong></span> <span class='ocrx_word' id='word_1_234' title='bbox 816 3211 931 3269; x_wconf 90' lang='lat' dir='ltr'><strong>maritis</strong></span> 
     </span>
    </p>
   </div>
   <div class='ocr_carea' id='block_1_3' title="bbox 80 3413 1043 3557">
    <p class='ocr_par' dir='ltr' id='par_1_11' title="bbox 80 3413 1043 3557">
     <span class='ocr_line' id='line_1_36' title="bbox 94 3413 1043 3488; baseline -0.002 -19"><span class='ocrx_word' id='word_1_235' title='bbox 94 3421 153 3470; x_wconf 82' lang='lat'><strong>412</strong></span> <span class='ocrx_word' id='word_1_236' title='bbox 173 3413 303 3482; x_wconf 88' lang='lat' dir='ltr'><strong>ferroque</strong></span> <span class='ocrx_word' id='word_1_237' title='bbox 323 3415 369 3480; x_wconf 73' lang='lat' dir='ltr'><strong>Til</strong></span> <span class='ocrx_word' id='word_1_238' title='bbox 383 3420 434 3470; x_wconf 79' lang='lat'><strong>426</strong></span> <span class='ocrx_word' id='word_1_239' title='bbox 455 3415 593 3488; x_wconf 79' lang='lat' dir='ltr'><strong>eontinet]</strong></span> <span class='ocrx_word' id='word_1_240' title='bbox 613 3417 754 3484; x_wconf 81' lang='lat' dir='ltr'><strong>temperat</strong></span> <span class='ocrx_word' id='word_1_241' title='bbox 773 3417 819 3485; x_wconf 81' lang='grc' dir='ltr'><strong>ΤΙΙ</strong></span> <span class='ocrx_word' id='word_1_242' title='bbox 833 3421 884 3470; x_wconf 78' lang='lat'><strong>429</strong></span> <span class='ocrx_word' id='word_1_243' title='bbox 903 3415 948 3486; x_wconf 81' lang='lat' dir='ltr'><strong>tu]</strong></span> <span class='ocrx_word' id='word_1_244' title='bbox 967 3413 1043 3482; x_wconf 88' lang='lat' dir='ltr'><strong>quod</strong></span> 
     </span>
     <span class='ocr_line' id='line_1_37' title="bbox 80 3484 402 3557; baseline -0.009 -14"><span class='ocrx_word' id='word_1_245' title='bbox 80 3491 141 3543; x_wconf 82' lang='lat'><strong>431</strong></span> <span class='ocrx_word' id='word_1_246' title='bbox 163 3484 230 3538; x_wconf 92' lang='lat' dir='ltr'><strong>dum</strong></span> <span class='ocrx_word' id='word_1_247' title='bbox 248 3502 331 3539; x_wconf 86' lang='lat' dir='ltr'><strong>vesus</strong></span> <span class='ocrx_word' id='word_1_248' title='bbox 350 3485 382 3540; x_wconf 74' lang='lat' dir='ltr'><em>F</em></span> <span class='ocrx_word' id='word_1_249' title='bbox 392 3490 402 3557; x_wconf 76' lang='lat' dir='ltr'>ss</span> 
     </span>
    </p>
   </div>
   <div class='ocr_carea' id='block_1_4' title="bbox 65 3578 914 3629">
    <p class='ocr_par' dir='ltr' id='par_1_12' title="bbox 65 3578 914 3629">
     <span class='ocr_line' id='line_1_38' title="bbox 65 3578 914 3629; baseline 0.001 -5"><span class='ocrx_word' id='word_1_250' title='bbox 65 3588 244 3629; x_wconf 62' lang='lat' dir='ltr'><strong>Arcturum</strong></span> <span class='ocrx_word' id='word_1_251' title='bbox 259 3585 292 3626; x_wconf 85' lang='lat' dir='ltr'><strong>ed.</strong></span> <span class='ocrx_word' id='word_1_252' title='bbox 306 3586 336 3626; x_wconf 85' lang='grc' dir='ltr'>Μ</span> <span class='ocrx_word' id='word_1_253' title='bbox 339 3587 398 3629; x_wconf 85' lang='lat' dir='ltr'><strong>olrr.</strong></span> <span class='ocrx_word' id='word_1_254' title='bbox 875 3578 914 3626; x_wconf 56' lang='grc' dir='ltr'>Ἦ</span> 
     </span>
    </p>
   </div>
   <div class='ocr_carea' id='block_1_5' title="bbox 0 0 1236 3864">
    <p class='ocr_par' dir='ltr' id='par_1_13' title="bbox 0 0 1236 3864">
     <span class='ocr_line' id='line_1_39' title="bbox 0 0 1236 3864; baseline 0 0"><span class='ocrx_word' id='word_1_255' title='bbox 0 0 1236 3864; x_wconf 95' lang='lat' dir='ltr'><strong> </strong></span> 
     </span>
    </p>
   </div>
  </div>
 </body>
</html>
